%YAML 1.1
%TAG !u! tag:unity3d.com,2011:
--- !u!1 &1076937196
GameObject:
  m_ObjectHideFlags: 0
  m_CorrespondingSourceObject: {fileID: 0}
  m_PrefabInstance: {fileID: 0}
  m_PrefabAsset: {fileID: 0}
  serializedVersion: 6
  m_Component:
  - component: {fileID: 1076937201}
  - component: {fileID: 1076937200}
  - component: {fileID: 1076937199}
  - component: {fileID: 1076937198}
  m_Layer: 5
  m_Name: NicknameCanvas
  m_TagString: Untagged
  m_Icon: {fileID: 0}
  m_NavMeshLayer: 0
  m_StaticEditorFlags: 0
  m_IsActive: 1
--- !u!224 &1076937201
RectTransform:
  m_ObjectHideFlags: 0
  m_CorrespondingSourceObject: {fileID: 0}
  m_PrefabInstance: {fileID: 0}
  m_PrefabAsset: {fileID: 0}
  m_GameObject: {fileID: 1076937196}
  m_LocalRotation: {x: -0, y: -0, z: -0, w: 1}
  m_LocalPosition: {x: 0, y: 0, z: 90}
  m_LocalScale: {x: 0.005, y: 0.005, z: 1}
  m_Children:
  - {fileID: 2698885894118529038}
  - {fileID: 666382905689399198}
  m_Father: {fileID: 1436906230377400610}
  m_RootOrder: 0
  m_LocalEulerAnglesHint: {x: 0, y: 0, z: 0}
  m_AnchorMin: {x: 0, y: 0}
  m_AnchorMax: {x: 0, y: 0}
  m_AnchoredPosition: {x: 0, y: 1}
  m_SizeDelta: {x: 1072, y: 603}
  m_Pivot: {x: 0.5, y: 0.5}
--- !u!223 &1076937200
Canvas:
  m_ObjectHideFlags: 0
  m_CorrespondingSourceObject: {fileID: 0}
  m_PrefabInstance: {fileID: 0}
  m_PrefabAsset: {fileID: 0}
  m_GameObject: {fileID: 1076937196}
  m_Enabled: 1
  serializedVersion: 3
  m_RenderMode: 2
  m_Camera: {fileID: 0}
  m_PlaneDistance: 100
  m_PixelPerfect: 0
  m_ReceivesEvents: 1
  m_OverrideSorting: 0
  m_OverridePixelPerfect: 0
  m_SortingBucketNormalizedSize: 0
  m_AdditionalShaderChannelsFlag: 0
  m_SortingLayerID: 0
  m_SortingOrder: 10
  m_TargetDisplay: 0
--- !u!114 &1076937199
MonoBehaviour:
  m_ObjectHideFlags: 0
  m_CorrespondingSourceObject: {fileID: 0}
  m_PrefabInstance: {fileID: 0}
  m_PrefabAsset: {fileID: 0}
  m_GameObject: {fileID: 1076937196}
  m_Enabled: 1
  m_EditorHideFlags: 0
  m_Script: {fileID: 11500000, guid: 0cd44c1031e13a943bb63640046fad76, type: 3}
  m_Name: 
  m_EditorClassIdentifier: 
  m_UiScaleMode: 0
  m_ReferencePixelsPerUnit: 100
  m_ScaleFactor: 1
  m_ReferenceResolution: {x: 1280, y: 720}
  m_ScreenMatchMode: 1
  m_MatchWidthOrHeight: 0
  m_PhysicalUnit: 3
  m_FallbackScreenDPI: 96
  m_DefaultSpriteDPI: 96
  m_DynamicPixelsPerUnit: 1
  m_PresetInfoIsWorld: 1
--- !u!114 &1076937198
MonoBehaviour:
  m_ObjectHideFlags: 0
  m_CorrespondingSourceObject: {fileID: 0}
  m_PrefabInstance: {fileID: 0}
  m_PrefabAsset: {fileID: 0}
  m_GameObject: {fileID: 1076937196}
  m_Enabled: 1
  m_EditorHideFlags: 0
  m_Script: {fileID: 11500000, guid: dc42784cf147c0c48a680349fa168899, type: 3}
  m_Name: 
  m_EditorClassIdentifier: 
  m_IgnoreReversedGraphics: 0
  m_BlockingObjects: 0
  m_BlockingMask:
    serializedVersion: 2
    m_Bits: 4294967295
--- !u!1 &1222857926459497112
GameObject:
  m_ObjectHideFlags: 0
  m_CorrespondingSourceObject: {fileID: 0}
  m_PrefabInstance: {fileID: 0}
  m_PrefabAsset: {fileID: 0}
  serializedVersion: 6
  m_Component:
  - component: {fileID: 2698885894118529038}
  - component: {fileID: 3122483616476792513}
  - component: {fileID: 2766413042017219020}
  - component: {fileID: 3891338608970323569}
  - component: {fileID: 1415312637043341453}
  m_Layer: 5
  m_Name: Nickname
  m_TagString: Untagged
  m_Icon: {fileID: 0}
  m_NavMeshLayer: 0
  m_StaticEditorFlags: 0
  m_IsActive: 1
--- !u!224 &2698885894118529038
RectTransform:
  m_ObjectHideFlags: 0
  m_CorrespondingSourceObject: {fileID: 0}
  m_PrefabInstance: {fileID: 0}
  m_PrefabAsset: {fileID: 0}
  m_GameObject: {fileID: 1222857926459497112}
  m_LocalRotation: {x: 0, y: 0, z: 0, w: 1}
  m_LocalPosition: {x: 0, y: 0, z: 0}
  m_LocalScale: {x: 0.7, y: 0.7, z: 0.7}
  m_Children: []
  m_Father: {fileID: 1076937201}
  m_RootOrder: 0
  m_LocalEulerAnglesHint: {x: 0, y: 0, z: 0}
  m_AnchorMin: {x: 0, y: 0}
  m_AnchorMax: {x: 1, y: 1}
  m_AnchoredPosition: {x: 0, y: 68}
  m_SizeDelta: {x: 100, y: -306.6}
  m_Pivot: {x: 0.5, y: 0.5}
--- !u!222 &3122483616476792513
CanvasRenderer:
  m_ObjectHideFlags: 0
  m_CorrespondingSourceObject: {fileID: 0}
  m_PrefabInstance: {fileID: 0}
  m_PrefabAsset: {fileID: 0}
  m_GameObject: {fileID: 1222857926459497112}
  m_CullTransparentMesh: 1
--- !u!114 &2766413042017219020
MonoBehaviour:
  m_ObjectHideFlags: 0
  m_CorrespondingSourceObject: {fileID: 0}
  m_PrefabInstance: {fileID: 0}
  m_PrefabAsset: {fileID: 0}
  m_GameObject: {fileID: 1222857926459497112}
  m_Enabled: 1
  m_EditorHideFlags: 0
  m_Script: {fileID: 11500000, guid: 5f7201a12d95ffc409449d95f23cf332, type: 3}
  m_Name: 
  m_EditorClassIdentifier: 
  m_Material: {fileID: 0}
  m_Color: {r: 1, g: 1, b: 1, a: 1}
  m_RaycastTarget: 1
  m_RaycastPadding: {x: 0, y: 0, z: 0, w: 0}
  m_Maskable: 1
  m_OnCullStateChanged:
    m_PersistentCalls:
      m_Calls: []
  m_FontData:
    m_Font: {fileID: 10102, guid: 0000000000000000e000000000000000, type: 0}
    m_FontSize: 150
    m_FontStyle: 1
    m_BestFit: 0
    m_MinSize: 0
    m_MaxSize: 250
    m_Alignment: 4
    m_AlignByGeometry: 0
    m_RichText: 1
    m_HorizontalOverflow: 0
    m_VerticalOverflow: 0
    m_LineSpacing: 1
  m_Text: '#name'
--- !u!114 &3891338608970323569
MonoBehaviour:
  m_ObjectHideFlags: 0
  m_CorrespondingSourceObject: {fileID: 0}
  m_PrefabInstance: {fileID: 0}
  m_PrefabAsset: {fileID: 0}
  m_GameObject: {fileID: 1222857926459497112}
  m_Enabled: 1
  m_EditorHideFlags: 0
  m_Script: {fileID: 11500000, guid: 30841e2ab4744c84ead0616487d34c56, type: 3}
  m_Name: 
  m_EditorClassIdentifier: 
--- !u!114 &1415312637043341453
MonoBehaviour:
  m_ObjectHideFlags: 0
  m_CorrespondingSourceObject: {fileID: 0}
  m_PrefabInstance: {fileID: 0}
  m_PrefabAsset: {fileID: 0}
  m_GameObject: {fileID: 1222857926459497112}
  m_Enabled: 1
  m_EditorHideFlags: 0
  m_Script: {fileID: 11500000, guid: e19747de3f5aca642ab2be37e372fb86, type: 3}
  m_Name: 
  m_EditorClassIdentifier: 
  m_EffectColor: {r: 0, g: 0, b: 0, a: 1}
  m_EffectDistance: {x: 7, y: 7}
  m_UseGraphicAlpha: 1
--- !u!1 &1436906229410629631
GameObject:
  m_ObjectHideFlags: 0
  m_CorrespondingSourceObject: {fileID: 0}
  m_PrefabInstance: {fileID: 0}
  m_PrefabAsset: {fileID: 0}
  serializedVersion: 6
  m_Component:
  - component: {fileID: 1436906229410629630}
  - component: {fileID: 6367121108645190009}
  - component: {fileID: 8382216313254793721}
  m_Layer: 7
  m_Name: Collider
  m_TagString: Player
  m_Icon: {fileID: 0}
  m_NavMeshLayer: 0
  m_StaticEditorFlags: 0
  m_IsActive: 1
--- !u!4 &1436906229410629630
Transform:
  m_ObjectHideFlags: 0
  m_CorrespondingSourceObject: {fileID: 0}
  m_PrefabInstance: {fileID: 0}
  m_PrefabAsset: {fileID: 0}
  m_GameObject: {fileID: 1436906229410629631}
  m_LocalRotation: {x: 0, y: 0, z: 0, w: 1}
  m_LocalPosition: {x: 0, y: 0, z: 0}
  m_LocalScale: {x: 1, y: 1, z: 1}
  m_Children: []
  m_Father: {fileID: 1436906230057705784}
  m_RootOrder: 1
  m_LocalEulerAnglesHint: {x: 0, y: 0, z: 0}
--- !u!61 &6367121108645190009
BoxCollider2D:
  m_ObjectHideFlags: 0
  m_CorrespondingSourceObject: {fileID: 0}
  m_PrefabInstance: {fileID: 0}
  m_PrefabAsset: {fileID: 0}
  m_GameObject: {fileID: 1436906229410629631}
  m_Enabled: 1
  m_Density: 1
  m_Material: {fileID: 0}
  m_IsTrigger: 0
  m_UsedByEffector: 0
  m_UsedByComposite: 0
  m_Offset: {x: 0, y: 0}
  m_SpriteTilingProperty:
    border: {x: 0, y: 0, z: 0, w: 0}
    pivot: {x: 0, y: 0}
    oldSize: {x: 0, y: 0}
    newSize: {x: 0, y: 0}
    adaptiveTilingThreshold: 0
    drawMode: 0
    adaptiveTiling: 0
  m_AutoTiling: 0
  serializedVersion: 2
  m_Size: {x: 1, y: 1}
  m_EdgeRadius: 0
--- !u!114 &8382216313254793721
MonoBehaviour:
  m_ObjectHideFlags: 0
  m_CorrespondingSourceObject: {fileID: 0}
  m_PrefabInstance: {fileID: 0}
  m_PrefabAsset: {fileID: 0}
  m_GameObject: {fileID: 1436906229410629631}
  m_Enabled: 1
  m_EditorHideFlags: 0
  m_Script: {fileID: -1552182283, guid: e725a070cec140c4caffb81624c8c787, type: 3}
  m_Name: 
  m_EditorClassIdentifier: 
  ObjectInterest: 1
  DefaultInterestGroups: []
  DestroyWhenStateAuthorityLeaves: 0
  AllowStateAuthorityOverride: 1
  AoiPositionSource: {fileID: 0}
  Flags: 3073
  NetworkGuid:
    RawGuidValue: 00000000000000000000000000000000
  NestedObjects: []
  NetworkedBehaviours: []
  SimulationBehaviours: []
--- !u!1 &1436906230057705789
GameObject:
  m_ObjectHideFlags: 0
  m_CorrespondingSourceObject: {fileID: 0}
  m_PrefabInstance: {fileID: 0}
  m_PrefabAsset: {fileID: 0}
  serializedVersion: 6
  m_Component:
  - component: {fileID: 1436906230057705784}
  - component: {fileID: 6636848353264304413}
  - component: {fileID: 4083312841042663722}
  - component: {fileID: 6969499827609994053}
  - component: {fileID: 2146937810734387459}
  - component: {fileID: 5093179525843469298}
  - component: {fileID: 2003115284997567800}
  - component: {fileID: 7780134022439436050}
  - component: {fileID: 5683747727529786234}
  m_Layer: 7
  m_Name: RigidBodyPlayer
  m_TagString: Player
  m_Icon: {fileID: 0}
  m_NavMeshLayer: 0
  m_StaticEditorFlags: 0
  m_IsActive: 1
--- !u!4 &1436906230057705784
Transform:
  m_ObjectHideFlags: 0
  m_CorrespondingSourceObject: {fileID: 0}
  m_PrefabInstance: {fileID: 0}
  m_PrefabAsset: {fileID: 0}
  m_GameObject: {fileID: 1436906230057705789}
  m_LocalRotation: {x: 0, y: 0, z: 0, w: 1}
  m_LocalPosition: {x: 0, y: 0, z: 0}
  m_LocalScale: {x: 1, y: 1, z: 1}
  m_Children:
  - {fileID: 4438028540088647545}
  - {fileID: 1436906229410629630}
  - {fileID: 4673945083573889153}
  - {fileID: 2834818442563092482}
  - {fileID: 338420597646906394}
  m_Father: {fileID: 0}
  m_RootOrder: 0
  m_LocalEulerAnglesHint: {x: 0, y: 0, z: 0}
--- !u!114 &6636848353264304413
MonoBehaviour:
  m_ObjectHideFlags: 0
  m_CorrespondingSourceObject: {fileID: 0}
  m_PrefabInstance: {fileID: 0}
  m_PrefabAsset: {fileID: 0}
  m_GameObject: {fileID: 1436906230057705789}
  m_Enabled: 1
  m_EditorHideFlags: 0
  m_Script: {fileID: 11500000, guid: 353c26688909b7346b7b969ac6f5826f, type: 3}
  m_Name: 
  m_EditorClassIdentifier: 
  _interpolationDataSource: 1
  PlayerAnimation: {fileID: 5942694447418322427}
  CameraTransform: {fileID: 1436906230377400610}
  _Nickname:
    _length: 0
    _data:
      Data: 00000000000000000000000000000000000000000000000000000000000000000000000000000000000000000000000000000000000000000000000000000000
  _PlayerColor: {r: 0, g: 0, b: 0, a: 0}
  playerRigidBodyMovement: {fileID: 2146937810734387459}
  _InputsAllowed:
    _value: 0
  _particleManager: {fileID: 11400000, guid: ee4532e7c31a1cb4f99eb59948f49800, type: 2}
  _sfxChannel: {fileID: 11400000, guid: c01d8ef6fffb1744ba8764916941c359, type: 2}
  _deathSound: {fileID: 11400000, guid: 610e4e50a8227924fbbd0ce5cdb3da4f, type: 2}
  _playerSource: {fileID: 6969499827609994053}
  player: {fileID: 5683747727529786234}
  maxHP: 100
  playerInfor: {fileID: 5389713593451332107}
  playerInforBase: {fileID: 7685647356527396716}
  _currentHPValue: 0
  _currentEnergyValue: 0
  maxEnergy: 1000
  _currentFuelValue: 0
  maxFuel: 10000
  friendPlayer: {fileID: 0}
  skill1Collider: {fileID: 6162752978462843837}
  skill1_2Collider: {fileID: 0}
--- !u!114 &4083312841042663722
MonoBehaviour:
  m_ObjectHideFlags: 0
  m_CorrespondingSourceObject: {fileID: 0}
  m_PrefabInstance: {fileID: 0}
  m_PrefabAsset: {fileID: 0}
  m_GameObject: {fileID: 1436906230057705789}
  m_Enabled: 1
  m_EditorHideFlags: 0
  m_Script: {fileID: 11500000, guid: 454c94638c1fe384187b17c7c1069b0e, type: 3}
  m_Name: 
  m_EditorClassIdentifier: 
  _interpolationDataSource: 0
  variableJoystick: {fileID: 0}
  buttonController: {fileID: 0}
--- !u!82 &6969499827609994053
AudioSource:
  m_ObjectHideFlags: 0
  m_CorrespondingSourceObject: {fileID: 0}
  m_PrefabInstance: {fileID: 0}
  m_PrefabAsset: {fileID: 0}
  m_GameObject: {fileID: 1436906230057705789}
  m_Enabled: 1
  serializedVersion: 4
  OutputAudioMixerGroup: {fileID: 0}
  m_audioClip: {fileID: 0}
  m_PlayOnAwake: 0
  m_Volume: 1
  m_Pitch: 1
  Loop: 0
  Mute: 0
  Spatialize: 0
  SpatializePostEffects: 0
  Priority: 128
  DopplerLevel: 1
  MinDistance: 10
  MaxDistance: 25
  Pan2D: 0
  rolloffMode: 1
  BypassEffects: 0
  BypassListenerEffects: 0
  BypassReverbZones: 0
  rolloffCustomCurve:
    serializedVersion: 2
    m_Curve:
    - serializedVersion: 3
      time: 0.6
      value: 1
      inSlope: -1.6673356
      outSlope: -1.6673356
      tangentMode: 0
      weightedMode: 0
      inWeight: 0
      outWeight: 0
    - serializedVersion: 3
      time: 1
      value: 0.32500613
      inSlope: -0.60023963
      outSlope: -0.60023963
      tangentMode: 0
      weightedMode: 0
      inWeight: 0
      outWeight: 0
    m_PreInfinity: 2
    m_PostInfinity: 2
    m_RotationOrder: 4
  panLevelCustomCurve:
    serializedVersion: 2
    m_Curve:
    - serializedVersion: 3
      time: 0
      value: 1
      inSlope: 0
      outSlope: 0
      tangentMode: 0
      weightedMode: 0
      inWeight: 0.33333334
      outWeight: 0.33333334
    m_PreInfinity: 2
    m_PostInfinity: 2
    m_RotationOrder: 4
  spreadCustomCurve:
    serializedVersion: 2
    m_Curve:
    - serializedVersion: 3
      time: 0
      value: 0
      inSlope: 0
      outSlope: 0
      tangentMode: 0
      weightedMode: 0
      inWeight: 0.33333334
      outWeight: 0.33333334
    m_PreInfinity: 2
    m_PostInfinity: 2
    m_RotationOrder: 4
  reverbZoneMixCustomCurve:
    serializedVersion: 2
    m_Curve:
    - serializedVersion: 3
      time: 0
      value: 1
      inSlope: 0
      outSlope: 0
      tangentMode: 0
      weightedMode: 0
      inWeight: 0.33333334
      outWeight: 0.33333334
    m_PreInfinity: 2
    m_PostInfinity: 2
    m_RotationOrder: 4
--- !u!114 &2146937810734387459
MonoBehaviour:
  m_ObjectHideFlags: 0
  m_CorrespondingSourceObject: {fileID: 0}
  m_PrefabInstance: {fileID: 0}
  m_PrefabAsset: {fileID: 0}
  m_GameObject: {fileID: 1436906230057705789}
  m_Enabled: 1
  m_EditorHideFlags: 0
  m_Script: {fileID: 11500000, guid: 320a6fdfa21273e4cb4f2b1223f13739, type: 3}
  m_Name: 
  m_EditorClassIdentifier: 
  _interpolationDataSource: 1
  _groundLayer:
    serializedVersion: 2
    m_Bits: 64
  __speed: 0
  _jumpForce: 14
  _maxVelocity: 10
  fallMultiplier: 2
  lowJumpMultiplier: 4
  _particleManager: {fileID: 11400000, guid: ee4532e7c31a1cb4f99eb59948f49800, type: 2}
  _sfxChannel: {fileID: 11400000, guid: c01d8ef6fffb1744ba8764916941c359, type: 2}
  _jumpSound: {fileID: 11400000, guid: 2c38f2e7c91a927409b5a20c72571eb1, type: 2}
  _playerSource: {fileID: 6969499827609994053}
--- !u!114 &5093179525843469298
MonoBehaviour:
  m_ObjectHideFlags: 0
  m_CorrespondingSourceObject: {fileID: 0}
  m_PrefabInstance: {fileID: 0}
  m_PrefabAsset: {fileID: 0}
  m_GameObject: {fileID: 1436906230057705789}
  m_Enabled: 1
  m_EditorHideFlags: 0
  m_Script: {fileID: -1552182283, guid: e725a070cec140c4caffb81624c8c787, type: 3}
  m_Name: 
  m_EditorClassIdentifier: 
  ObjectInterest: 1
  DefaultInterestGroups: []
  DestroyWhenStateAuthorityLeaves: 0
  AllowStateAuthorityOverride: 1
  AoiPositionSource: {fileID: 0}
  Flags: 2305
  NetworkGuid:
    RawGuidValue: 666848046b1035443876ebfef4f5cf41
  NestedObjects:
  - {fileID: 8382216313254793721}
  - {fileID: 8274002231953669370}
  - {fileID: 6932240464058913936}
  NetworkedBehaviours:
  - {fileID: 6636848353264304413}
  - {fileID: 4083312841042663722}
  - {fileID: 2146937810734387459}
  - {fileID: 7780134022439436050}
  SimulationBehaviours: []
--- !u!50 &2003115284997567800
Rigidbody2D:
  serializedVersion: 4
  m_ObjectHideFlags: 0
  m_CorrespondingSourceObject: {fileID: 0}
  m_PrefabInstance: {fileID: 0}
  m_PrefabAsset: {fileID: 0}
  m_GameObject: {fileID: 1436906230057705789}
  m_BodyType: 0
  m_Simulated: 1
  m_UseFullKinematicContacts: 0
  m_UseAutoMass: 0
  m_Mass: 1
  m_LinearDrag: 0
  m_AngularDrag: 0.05
  m_GravityScale: 2
  m_Material: {fileID: 0}
  m_Interpolate: 0
  m_SleepingMode: 1
  m_CollisionDetection: 0
  m_Constraints: 4
--- !u!114 &7780134022439436050
MonoBehaviour:
  m_ObjectHideFlags: 0
  m_CorrespondingSourceObject: {fileID: 0}
  m_PrefabInstance: {fileID: 0}
  m_PrefabAsset: {fileID: 0}
  m_GameObject: {fileID: 1436906230057705789}
  m_Enabled: 1
  m_EditorHideFlags: 0
  m_Script: {fileID: -1779252708, guid: e725a070cec140c4caffb81624c8c787, type: 3}
  m_Name: 
  m_EditorClassIdentifier: 
  _interpolationDataSource: 0
  InterpolationSpace: 0
  InterpolationTarget: {fileID: 1436906230377400610}
  InterpolateErrorCorrection: 1
  InterpolatedErrorCorrectionSettings:
    MinRate: 3.3
    MaxRate: 10
    PosBlendStart: 0.25
    PosBlendEnd: 1
    PosMinCorrection: 0.025
    PosTeleportDistance: 2
    RotBlendStart: 0.1
    RotBlendEnd: 0.5
    RotTeleportRadians: 1.5
--- !u!114 &5683747727529786234
MonoBehaviour:
  m_ObjectHideFlags: 0
  m_CorrespondingSourceObject: {fileID: 0}
  m_PrefabInstance: {fileID: 0}
  m_PrefabAsset: {fileID: 0}
  m_GameObject: {fileID: 1436906230057705789}
  m_Enabled: 1
  m_EditorHideFlags: 0
  m_Script: {fileID: 11500000, guid: 7ce85a539d57c1e44abad9bc2a5a4127, type: 3}
  m_Name: 
  m_EditorClassIdentifier: 
  level: 3
  health: 40
  maxSpeed: 1500
  energy: 100
  fuel: 100
  dollar: 100
  currentEngineSld: 0
  currentTankerSld: 0
  currentWheelSld: 0
--- !u!1 &1436906230377400611
GameObject:
  m_ObjectHideFlags: 0
  m_CorrespondingSourceObject: {fileID: 0}
  m_PrefabInstance: {fileID: 0}
  m_PrefabAsset: {fileID: 0}
  serializedVersion: 6
  m_Component:
  - component: {fileID: 1436906230377400610}
  - component: {fileID: 1436906230377400609}
  - component: {fileID: 76160026908908376}
  - component: {fileID: 5942694447418322427}
  m_Layer: 0
  m_Name: GFX
  m_TagString: Untagged
  m_Icon: {fileID: 0}
  m_NavMeshLayer: 0
  m_StaticEditorFlags: 0
  m_IsActive: 1
--- !u!4 &1436906230377400610
Transform:
  m_ObjectHideFlags: 0
  m_CorrespondingSourceObject: {fileID: 0}
  m_PrefabInstance: {fileID: 0}
  m_PrefabAsset: {fileID: 0}
  m_GameObject: {fileID: 1436906230377400611}
  m_LocalRotation: {x: -0, y: -0, z: -0, w: 1}
  m_LocalPosition: {x: 0, y: 0.15, z: 0}
  m_LocalScale: {x: 2.5, y: 2.5, z: 2.5}
  m_Children:
  - {fileID: 1076937201}
  m_Father: {fileID: 4438028540088647545}
  m_RootOrder: 0
  m_LocalEulerAnglesHint: {x: 0, y: 0, z: 0}
--- !u!212 &1436906230377400609
SpriteRenderer:
  m_ObjectHideFlags: 0
  m_CorrespondingSourceObject: {fileID: 0}
  m_PrefabInstance: {fileID: 0}
  m_PrefabAsset: {fileID: 0}
  m_GameObject: {fileID: 1436906230377400611}
  m_Enabled: 1
  m_CastShadows: 0
  m_ReceiveShadows: 0
  m_DynamicOccludee: 1
  m_MotionVectors: 1
  m_LightProbeUsage: 1
  m_ReflectionProbeUsage: 1
  m_RayTracingMode: 0
  m_RayTraceProcedural: 0
  m_RenderingLayerMask: 1
  m_RendererPriority: 0
  m_Materials:
  - {fileID: 2100000, guid: a97c105638bdf8b4a8650670310a4cd3, type: 2}
  m_StaticBatchInfo:
    firstSubMesh: 0
    subMeshCount: 0
  m_StaticBatchRoot: {fileID: 0}
  m_ProbeAnchor: {fileID: 0}
  m_LightProbeVolumeOverride: {fileID: 0}
  m_ScaleInLightmap: 1
  m_ReceiveGI: 1
  m_PreserveUVs: 0
  m_IgnoreNormalsForChartDetection: 0
  m_ImportantGI: 0
  m_StitchLightmapSeams: 1
  m_SelectedEditorRenderState: 0
  m_MinimumChartSize: 4
  m_AutoUVMaxDistance: 0.5
  m_AutoUVMaxAngle: 89
  m_LightmapParameters: {fileID: 0}
  m_SortingLayerID: 0
  m_SortingLayer: 0
  m_SortingOrder: 5
  m_Sprite: {fileID: 21300000, guid: 881bfc7c87434144e865db51f8e2a4d9, type: 3}
  m_Color: {r: 1, g: 1, b: 1, a: 1}
  m_FlipX: 0
  m_FlipY: 0
  m_DrawMode: 0
  m_Size: {x: 1.5, y: 1.5}
  m_AdaptiveModeThreshold: 0.5
  m_SpriteTileMode: 0
  m_WasSpriteAssigned: 1
  m_MaskInteraction: 0
  m_SpriteSortPoint: 0
--- !u!95 &76160026908908376
Animator:
  serializedVersion: 3
  m_ObjectHideFlags: 0
  m_CorrespondingSourceObject: {fileID: 0}
  m_PrefabInstance: {fileID: 0}
  m_PrefabAsset: {fileID: 0}
  m_GameObject: {fileID: 1436906230377400611}
  m_Enabled: 1
  m_Avatar: {fileID: 0}
  m_Controller: {fileID: 9100000, guid: 692e3892760eaca4883625a89678c8b0, type: 2}
  m_CullingMode: 0
  m_UpdateMode: 0
  m_ApplyRootMotion: 0
  m_LinearVelocityBlending: 0
  m_WarningMessage: 
  m_HasTransformHierarchy: 1
  m_AllowConstantClipSamplingOptimization: 1
  m_KeepAnimatorControllerStateOnDisable: 0
--- !u!114 &5942694447418322427
MonoBehaviour:
  m_ObjectHideFlags: 0
  m_CorrespondingSourceObject: {fileID: 0}
  m_PrefabInstance: {fileID: 0}
  m_PrefabAsset: {fileID: 0}
  m_GameObject: {fileID: 1436906230377400611}
  m_Enabled: 1
  m_EditorHideFlags: 0
  m_Script: {fileID: 11500000, guid: 91efb0bc2f17da140878e46436a0056f, type: 3}
  m_Name: 
  m_EditorClassIdentifier: 
  animators:
  - {fileID: 9100000, guid: 16536ea760b72a64ea36ff033dd0ac16, type: 2}
  - {fileID: 9100000, guid: 692e3892760eaca4883625a89678c8b0, type: 2}
  sprites:
  - {fileID: 21300000, guid: 881bfc7c87434144e865db51f8e2a4d9, type: 3}
  - {fileID: 21300000, guid: f5defbb8d9ac77e4ea3d062bf3fd47a4, type: 3}
  _anim: {fileID: 76160026908908376}
  _renderer: {fileID: 1436906230377400609}
--- !u!1 &1464554510461130766
GameObject:
  m_ObjectHideFlags: 0
  m_CorrespondingSourceObject: {fileID: 0}
  m_PrefabInstance: {fileID: 0}
  m_PrefabAsset: {fileID: 0}
  serializedVersion: 6
  m_Component:
  - component: {fileID: 4438028540088647545}
  m_Layer: 7
  m_Name: GFX_Sync_Parent
  m_TagString: Untagged
  m_Icon: {fileID: 0}
  m_NavMeshLayer: 0
  m_StaticEditorFlags: 0
  m_IsActive: 1
--- !u!4 &4438028540088647545
Transform:
  m_ObjectHideFlags: 0
  m_CorrespondingSourceObject: {fileID: 0}
  m_PrefabInstance: {fileID: 0}
  m_PrefabAsset: {fileID: 0}
  m_GameObject: {fileID: 1464554510461130766}
  m_LocalRotation: {x: 0, y: 0, z: 0, w: 1}
  m_LocalPosition: {x: 0, y: 0, z: 0}
  m_LocalScale: {x: 1, y: 1, z: 1}
  m_Children:
  - {fileID: 1436906230377400610}
  m_Father: {fileID: 1436906230057705784}
  m_RootOrder: 0
  m_LocalEulerAnglesHint: {x: 0, y: 0, z: 0}
--- !u!1 &1499598924976600672
GameObject:
  m_ObjectHideFlags: 0
  m_CorrespondingSourceObject: {fileID: 0}
  m_PrefabInstance: {fileID: 0}
  m_PrefabAsset: {fileID: 0}
  serializedVersion: 6
  m_Component:
  - component: {fileID: 2834818442563092482}
  - component: {fileID: 8520638040637747510}
  - component: {fileID: 5389702698104305735}
  - component: {fileID: 4635273378365483177}
  m_Layer: 5
  m_Name: Canvas
  m_TagString: Untagged
  m_Icon: {fileID: 0}
  m_NavMeshLayer: 0
  m_StaticEditorFlags: 0
  m_IsActive: 1
--- !u!224 &2834818442563092482
RectTransform:
  m_ObjectHideFlags: 0
  m_CorrespondingSourceObject: {fileID: 0}
  m_PrefabInstance: {fileID: 0}
  m_PrefabAsset: {fileID: 0}
  m_GameObject: {fileID: 1499598924976600672}
  m_LocalRotation: {x: 0, y: 0, z: 0, w: 1}
  m_LocalPosition: {x: 0, y: 0, z: 0}
  m_LocalScale: {x: 0, y: 0, z: 0}
  m_Children:
  - {fileID: 7625817412100438387}
  m_Father: {fileID: 1436906230057705784}
  m_RootOrder: 3
  m_LocalEulerAnglesHint: {x: 0, y: 0, z: 0}
  m_AnchorMin: {x: 0, y: 0}
  m_AnchorMax: {x: 0, y: 0}
  m_AnchoredPosition: {x: 0, y: 0}
  m_SizeDelta: {x: 0, y: 0}
  m_Pivot: {x: 0, y: 0}
--- !u!223 &8520638040637747510
Canvas:
  m_ObjectHideFlags: 0
  m_CorrespondingSourceObject: {fileID: 0}
  m_PrefabInstance: {fileID: 0}
  m_PrefabAsset: {fileID: 0}
  m_GameObject: {fileID: 1499598924976600672}
  m_Enabled: 1
  serializedVersion: 3
  m_RenderMode: 0
  m_Camera: {fileID: 0}
  m_PlaneDistance: 100
  m_PixelPerfect: 0
  m_ReceivesEvents: 1
  m_OverrideSorting: 0
  m_OverridePixelPerfect: 0
  m_SortingBucketNormalizedSize: 0
  m_AdditionalShaderChannelsFlag: 0
  m_SortingLayerID: 0
  m_SortingOrder: 0
  m_TargetDisplay: 0
--- !u!114 &5389702698104305735
MonoBehaviour:
  m_ObjectHideFlags: 0
  m_CorrespondingSourceObject: {fileID: 0}
  m_PrefabInstance: {fileID: 0}
  m_PrefabAsset: {fileID: 0}
  m_GameObject: {fileID: 1499598924976600672}
  m_Enabled: 1
  m_EditorHideFlags: 0
  m_Script: {fileID: 11500000, guid: 0cd44c1031e13a943bb63640046fad76, type: 3}
  m_Name: 
  m_EditorClassIdentifier: 
  m_UiScaleMode: 1
  m_ReferencePixelsPerUnit: 100
  m_ScaleFactor: 1
  m_ReferenceResolution: {x: 1280, y: 720}
  m_ScreenMatchMode: 0
  m_MatchWidthOrHeight: 0
  m_PhysicalUnit: 3
  m_FallbackScreenDPI: 96
  m_DefaultSpriteDPI: 96
  m_DynamicPixelsPerUnit: 1
  m_PresetInfoIsWorld: 0
--- !u!114 &4635273378365483177
MonoBehaviour:
  m_ObjectHideFlags: 0
  m_CorrespondingSourceObject: {fileID: 0}
  m_PrefabInstance: {fileID: 0}
  m_PrefabAsset: {fileID: 0}
  m_GameObject: {fileID: 1499598924976600672}
  m_Enabled: 1
  m_EditorHideFlags: 0
  m_Script: {fileID: 11500000, guid: dc42784cf147c0c48a680349fa168899, type: 3}
  m_Name: 
  m_EditorClassIdentifier: 
  m_IgnoreReversedGraphics: 1
  m_BlockingObjects: 0
  m_BlockingMask:
    serializedVersion: 2
    m_Bits: 4294967295
--- !u!1 &4050253881366212399
GameObject:
  m_ObjectHideFlags: 0
  m_CorrespondingSourceObject: {fileID: 0}
  m_PrefabInstance: {fileID: 0}
  m_PrefabAsset: {fileID: 0}
  serializedVersion: 6
  m_Component:
  - component: {fileID: 8396478387279769574}
  - component: {fileID: 5011318505672788904}
  - component: {fileID: 8967686094017920906}
  m_Layer: 5
  m_Name: TimeSkillRemaining
  m_TagString: Untagged
  m_Icon: {fileID: 0}
  m_NavMeshLayer: 0
  m_StaticEditorFlags: 0
  m_IsActive: 0
--- !u!224 &8396478387279769574
RectTransform:
  m_ObjectHideFlags: 0
  m_CorrespondingSourceObject: {fileID: 0}
  m_PrefabInstance: {fileID: 0}
  m_PrefabAsset: {fileID: 0}
  m_GameObject: {fileID: 4050253881366212399}
  m_LocalRotation: {x: 0, y: 0, z: 0, w: 1}
  m_LocalPosition: {x: 0, y: 0, z: 0}
  m_LocalScale: {x: 1, y: 1, z: 1}
  m_Children: []
  m_Father: {fileID: 7625817412100438387}
  m_RootOrder: 5
  m_LocalEulerAnglesHint: {x: 0, y: 0, z: 0}
  m_AnchorMin: {x: 0.5, y: 0.5}
  m_AnchorMax: {x: 0.5, y: 0.5}
  m_AnchoredPosition: {x: 561, y: -70}
  m_SizeDelta: {x: 100, y: 100}
  m_Pivot: {x: 0.5, y: 0.5}
--- !u!222 &5011318505672788904
CanvasRenderer:
  m_ObjectHideFlags: 0
  m_CorrespondingSourceObject: {fileID: 0}
  m_PrefabInstance: {fileID: 0}
  m_PrefabAsset: {fileID: 0}
  m_GameObject: {fileID: 4050253881366212399}
  m_CullTransparentMesh: 1
--- !u!114 &8967686094017920906
MonoBehaviour:
  m_ObjectHideFlags: 0
  m_CorrespondingSourceObject: {fileID: 0}
  m_PrefabInstance: {fileID: 0}
  m_PrefabAsset: {fileID: 0}
  m_GameObject: {fileID: 4050253881366212399}
  m_Enabled: 1
  m_EditorHideFlags: 0
  m_Script: {fileID: 11500000, guid: fe87c0e1cc204ed48ad3b37840f39efc, type: 3}
  m_Name: 
  m_EditorClassIdentifier: 
  m_Material: {fileID: 0}
  m_Color: {r: 0.31882447, g: 0.9056604, b: 0.011961505, a: 1}
  m_RaycastTarget: 1
  m_RaycastPadding: {x: 0, y: 0, z: 0, w: 0}
  m_Maskable: 1
  m_OnCullStateChanged:
    m_PersistentCalls:
      m_Calls: []
  m_Sprite: {fileID: 10913, guid: 0000000000000000f000000000000000, type: 0}
  m_Type: 3
  m_PreserveAspect: 0
  m_FillCenter: 1
  m_FillMethod: 4
  m_FillAmount: 1
  m_FillClockwise: 1
  m_FillOrigin: 0
  m_UseSpriteMesh: 0
  m_PixelsPerUnitMultiplier: 1
--- !u!1 &5771122111754123363
GameObject:
  m_ObjectHideFlags: 0
  m_CorrespondingSourceObject: {fileID: 0}
  m_PrefabInstance: {fileID: 0}
  m_PrefabAsset: {fileID: 0}
  serializedVersion: 6
  m_Component:
  - component: {fileID: 7625817412100438387}
  - component: {fileID: 1974260212240489116}
  - component: {fileID: 5389713593451332107}
  m_Layer: 5
  m_Name: PlayerInfo
  m_TagString: Untagged
  m_Icon: {fileID: 0}
  m_NavMeshLayer: 0
  m_StaticEditorFlags: 0
  m_IsActive: 1
--- !u!224 &7625817412100438387
RectTransform:
  m_ObjectHideFlags: 0
  m_CorrespondingSourceObject: {fileID: 0}
  m_PrefabInstance: {fileID: 0}
  m_PrefabAsset: {fileID: 0}
  m_GameObject: {fileID: 5771122111754123363}
  m_LocalRotation: {x: 0, y: 0, z: 0, w: 1}
  m_LocalPosition: {x: 0, y: 0, z: 0}
  m_LocalScale: {x: 1, y: 1, z: 1}
  m_Children:
  - {fileID: 5203559989843231308}
  - {fileID: 4527429078353690301}
  - {fileID: 6920209072535364001}
  - {fileID: 4059684958214460748}
  - {fileID: 8069877018057605649}
  - {fileID: 8396478387279769574}
  m_Father: {fileID: 2834818442563092482}
  m_RootOrder: 0
  m_LocalEulerAnglesHint: {x: 0, y: 0, z: 0}
  m_AnchorMin: {x: 0, y: 0}
  m_AnchorMax: {x: 1, y: 1}
  m_AnchoredPosition: {x: 0, y: -15.849976}
  m_SizeDelta: {x: -1180, y: -491}
  m_Pivot: {x: 0.5, y: 0.5}
--- !u!222 &1974260212240489116
CanvasRenderer:
  m_ObjectHideFlags: 0
  m_CorrespondingSourceObject: {fileID: 0}
  m_PrefabInstance: {fileID: 0}
  m_PrefabAsset: {fileID: 0}
  m_GameObject: {fileID: 5771122111754123363}
  m_CullTransparentMesh: 1
--- !u!114 &5389713593451332107
MonoBehaviour:
  m_ObjectHideFlags: 0
  m_CorrespondingSourceObject: {fileID: 0}
  m_PrefabInstance: {fileID: 0}
  m_PrefabAsset: {fileID: 0}
  m_GameObject: {fileID: 5771122111754123363}
  m_Enabled: 1
  m_EditorHideFlags: 0
  m_Script: {fileID: 11500000, guid: 14054aeb052b0df4ab9de386d9b88422, type: 3}
  m_Name: 
  m_EditorClassIdentifier: 
  Health: {fileID: 2641974929810460795}
  Energy: {fileID: 9004189591396050070}
  PlayerNameTxt: {fileID: 2848077196023628021}
  Fuel: {fileID: 906746839493669782}
  SpeedometerMotor: {fileID: 4527429078353690296}
--- !u!1 &6162752978462843837
GameObject:
  m_ObjectHideFlags: 0
  m_CorrespondingSourceObject: {fileID: 0}
  m_PrefabInstance: {fileID: 0}
  m_PrefabAsset: {fileID: 0}
  serializedVersion: 6
  m_Component:
  - component: {fileID: 4673945083573889153}
  - component: {fileID: 5765626099869057045}
  - component: {fileID: 3291385105396450482}
  - component: {fileID: 8274002231953669370}
  m_Layer: 0
  m_Name: Isometric Diamond
  m_TagString: Untagged
  m_Icon: {fileID: 0}
  m_NavMeshLayer: 0
  m_StaticEditorFlags: 0
  m_IsActive: 0
--- !u!4 &4673945083573889153
Transform:
  m_ObjectHideFlags: 0
  m_CorrespondingSourceObject: {fileID: 0}
  m_PrefabInstance: {fileID: 0}
  m_PrefabAsset: {fileID: 0}
  m_GameObject: {fileID: 6162752978462843837}
  m_LocalRotation: {x: -0, y: -0, z: -0, w: 1}
  m_LocalPosition: {x: 1.566, y: 0.0865, z: 11.680767}
  m_LocalScale: {x: 1.992, y: 2.0401356, z: 1}
  m_Children: []
  m_Father: {fileID: 1436906230057705784}
  m_RootOrder: 2
  m_LocalEulerAnglesHint: {x: 0, y: 0, z: 0}
--- !u!212 &5765626099869057045
SpriteRenderer:
  m_ObjectHideFlags: 0
  m_CorrespondingSourceObject: {fileID: 0}
  m_PrefabInstance: {fileID: 0}
  m_PrefabAsset: {fileID: 0}
  m_GameObject: {fileID: 6162752978462843837}
  m_Enabled: 1
  m_CastShadows: 0
  m_ReceiveShadows: 0
  m_DynamicOccludee: 1
  m_MotionVectors: 1
  m_LightProbeUsage: 1
  m_ReflectionProbeUsage: 1
  m_RayTracingMode: 0
  m_RayTraceProcedural: 0
  m_RenderingLayerMask: 1
  m_RendererPriority: 0
  m_Materials:
  - {fileID: 2100000, guid: a97c105638bdf8b4a8650670310a4cd3, type: 2}
  m_StaticBatchInfo:
    firstSubMesh: 0
    subMeshCount: 0
  m_StaticBatchRoot: {fileID: 0}
  m_ProbeAnchor: {fileID: 0}
  m_LightProbeVolumeOverride: {fileID: 0}
  m_ScaleInLightmap: 1
  m_ReceiveGI: 1
  m_PreserveUVs: 0
  m_IgnoreNormalsForChartDetection: 0
  m_ImportantGI: 0
  m_StitchLightmapSeams: 1
  m_SelectedEditorRenderState: 0
  m_MinimumChartSize: 4
  m_AutoUVMaxDistance: 0.5
  m_AutoUVMaxAngle: 89
  m_LightmapParameters: {fileID: 0}
  m_SortingLayerID: 0
  m_SortingLayer: 0
  m_SortingOrder: 0
  m_Sprite: {fileID: 3625043607559282579, guid: 045b15ec09bba42448d89db77fa6f20a, type: 3}
  m_Color: {r: 1, g: 0, b: 0, a: 1}
  m_FlipX: 0
  m_FlipY: 0
  m_DrawMode: 0
  m_Size: {x: 1, y: 0.5}
  m_AdaptiveModeThreshold: 0.5
  m_SpriteTileMode: 0
  m_WasSpriteAssigned: 1
  m_MaskInteraction: 0
  m_SpriteSortPoint: 0
--- !u!61 &3291385105396450482
BoxCollider2D:
  m_ObjectHideFlags: 0
  m_CorrespondingSourceObject: {fileID: 0}
  m_PrefabInstance: {fileID: 0}
  m_PrefabAsset: {fileID: 0}
  m_GameObject: {fileID: 6162752978462843837}
  m_Enabled: 1
  m_Density: 1
  m_Material: {fileID: 0}
  m_IsTrigger: 0
  m_UsedByEffector: 0
  m_UsedByComposite: 0
  m_Offset: {x: 0, y: 0}
  m_SpriteTilingProperty:
    border: {x: 0, y: 0, z: 0, w: 0}
    pivot: {x: 0.5, y: 0.5}
    oldSize: {x: 1, y: 0.5}
    newSize: {x: 1, y: 0.5}
    adaptiveTilingThreshold: 0.5
    drawMode: 0
    adaptiveTiling: 0
  m_AutoTiling: 0
  serializedVersion: 2
  m_Size: {x: 1, y: 0.5}
  m_EdgeRadius: 0
--- !u!114 &8274002231953669370
MonoBehaviour:
  m_ObjectHideFlags: 0
  m_CorrespondingSourceObject: {fileID: 0}
  m_PrefabInstance: {fileID: 0}
  m_PrefabAsset: {fileID: 0}
  m_GameObject: {fileID: 6162752978462843837}
  m_Enabled: 1
  m_EditorHideFlags: 0
  m_Script: {fileID: -1552182283, guid: e725a070cec140c4caffb81624c8c787, type: 3}
  m_Name: 
  m_EditorClassIdentifier: 
  ObjectInterest: 1
  DefaultInterestGroups: []
  DestroyWhenStateAuthorityLeaves: 0
  AllowStateAuthorityOverride: 1
  AoiPositionSource: {fileID: 0}
  Flags: 134145
  NetworkGuid:
    RawGuidValue: 00000000000000000000000000000000
  NestedObjects: []
  NetworkedBehaviours: []
  SimulationBehaviours: []
--- !u!1 &7920667370306612760
GameObject:
  m_ObjectHideFlags: 0
  m_CorrespondingSourceObject: {fileID: 0}
  m_PrefabInstance: {fileID: 0}
  m_PrefabAsset: {fileID: 0}
  serializedVersion: 6
  m_Component:
  - component: {fileID: 8069877018057605649}
  - component: {fileID: 7014741835629783893}
  - component: {fileID: 2848077196023628021}
  m_Layer: 5
  m_Name: PlayerName
  m_TagString: Untagged
  m_Icon: {fileID: 0}
  m_NavMeshLayer: 0
  m_StaticEditorFlags: 0
  m_IsActive: 0
--- !u!224 &8069877018057605649
RectTransform:
  m_ObjectHideFlags: 0
  m_CorrespondingSourceObject: {fileID: 0}
  m_PrefabInstance: {fileID: 0}
  m_PrefabAsset: {fileID: 0}
  m_GameObject: {fileID: 7920667370306612760}
  m_LocalRotation: {x: -0, y: -0, z: -0, w: 1}
  m_LocalPosition: {x: 0, y: 0, z: 0}
  m_LocalScale: {x: 1, y: 1, z: 1}
  m_Children: []
  m_Father: {fileID: 7625817412100438387}
  m_RootOrder: 4
  m_LocalEulerAnglesHint: {x: 0, y: 0, z: 0}
  m_AnchorMin: {x: 0.5, y: 0.5}
  m_AnchorMax: {x: 0.5, y: 0.5}
  m_AnchoredPosition: {x: -387.53, y: 288}
  m_SizeDelta: {x: 458.93, y: 47.9281}
  m_Pivot: {x: 0.5, y: 0.5}
--- !u!222 &7014741835629783893
CanvasRenderer:
  m_ObjectHideFlags: 0
  m_CorrespondingSourceObject: {fileID: 0}
  m_PrefabInstance: {fileID: 0}
  m_PrefabAsset: {fileID: 0}
  m_GameObject: {fileID: 7920667370306612760}
  m_CullTransparentMesh: 1
--- !u!114 &2848077196023628021
MonoBehaviour:
  m_ObjectHideFlags: 0
  m_CorrespondingSourceObject: {fileID: 0}
  m_PrefabInstance: {fileID: 0}
  m_PrefabAsset: {fileID: 0}
  m_GameObject: {fileID: 7920667370306612760}
  m_Enabled: 1
  m_EditorHideFlags: 0
  m_Script: {fileID: 11500000, guid: 5f7201a12d95ffc409449d95f23cf332, type: 3}
  m_Name: 
  m_EditorClassIdentifier: 
  m_Material: {fileID: 0}
  m_Color: {r: 1, g: 1, b: 1, a: 1}
  m_RaycastTarget: 1
  m_RaycastPadding: {x: 0, y: 0, z: 0, w: 0}
  m_Maskable: 1
  m_OnCullStateChanged:
    m_PersistentCalls:
      m_Calls: []
  m_FontData:
    m_Font: {fileID: 10102, guid: 0000000000000000e000000000000000, type: 0}
    m_FontSize: 28
    m_FontStyle: 0
    m_BestFit: 0
    m_MinSize: 2
    m_MaxSize: 40
    m_Alignment: 3
    m_AlignByGeometry: 0
    m_RichText: 1
    m_HorizontalOverflow: 0
    m_VerticalOverflow: 0
    m_LineSpacing: 1
  m_Text: PlayerName
--- !u!1 &9019966015669114047
GameObject:
  m_ObjectHideFlags: 0
  m_CorrespondingSourceObject: {fileID: 0}
  m_PrefabInstance: {fileID: 0}
  m_PrefabAsset: {fileID: 0}
  serializedVersion: 6
  m_Component:
  - component: {fileID: 666382905689399198}
  - component: {fileID: 5576160713514962399}
  - component: {fileID: 8754005511072524223}
  - component: {fileID: 7685647356527396716}
  m_Layer: 5
  m_Name: PlayerInfo
  m_TagString: Untagged
  m_Icon: {fileID: 0}
  m_NavMeshLayer: 0
  m_StaticEditorFlags: 0
  m_IsActive: 1
--- !u!224 &666382905689399198
RectTransform:
  m_ObjectHideFlags: 0
  m_CorrespondingSourceObject: {fileID: 0}
  m_PrefabInstance: {fileID: 0}
  m_PrefabAsset: {fileID: 0}
  m_GameObject: {fileID: 9019966015669114047}
  m_LocalRotation: {x: 0, y: 0, z: 0, w: 1}
  m_LocalPosition: {x: 0, y: 0, z: 0}
  m_LocalScale: {x: 1, y: 1, z: 1}
  m_Children:
  - {fileID: 343655221810348777}
  - {fileID: 13313777362043024}
  m_Father: {fileID: 1076937201}
  m_RootOrder: 1
  m_LocalEulerAnglesHint: {x: 0, y: 0, z: 0}
  m_AnchorMin: {x: 0.5, y: 0.5}
  m_AnchorMax: {x: 0.5, y: 0.5}
  m_AnchoredPosition: {x: 0, y: 35}
  m_SizeDelta: {x: 100, y: 100}
  m_Pivot: {x: 0.5, y: 0.5}
--- !u!222 &5576160713514962399
CanvasRenderer:
  m_ObjectHideFlags: 0
  m_CorrespondingSourceObject: {fileID: 0}
  m_PrefabInstance: {fileID: 0}
  m_PrefabAsset: {fileID: 0}
  m_GameObject: {fileID: 9019966015669114047}
  m_CullTransparentMesh: 1
--- !u!114 &8754005511072524223
MonoBehaviour:
  m_ObjectHideFlags: 0
  m_CorrespondingSourceObject: {fileID: 0}
  m_PrefabInstance: {fileID: 0}
  m_PrefabAsset: {fileID: 0}
  m_GameObject: {fileID: 9019966015669114047}
  m_Enabled: 0
  m_EditorHideFlags: 0
  m_Script: {fileID: 11500000, guid: fe87c0e1cc204ed48ad3b37840f39efc, type: 3}
  m_Name: 
  m_EditorClassIdentifier: 
  m_Material: {fileID: 0}
  m_Color: {r: 1, g: 1, b: 1, a: 1}
  m_RaycastTarget: 1
  m_RaycastPadding: {x: 0, y: 0, z: 0, w: 0}
  m_Maskable: 1
  m_OnCullStateChanged:
    m_PersistentCalls:
      m_Calls: []
  m_Sprite: {fileID: 0}
  m_Type: 0
  m_PreserveAspect: 0
  m_FillCenter: 1
  m_FillMethod: 4
  m_FillAmount: 1
  m_FillClockwise: 1
  m_FillOrigin: 0
  m_UseSpriteMesh: 0
  m_PixelsPerUnitMultiplier: 1
--- !u!114 &7685647356527396716
MonoBehaviour:
  m_ObjectHideFlags: 0
  m_CorrespondingSourceObject: {fileID: 0}
  m_PrefabInstance: {fileID: 0}
  m_PrefabAsset: {fileID: 0}
  m_GameObject: {fileID: 9019966015669114047}
  m_Enabled: 1
  m_EditorHideFlags: 0
  m_Script: {fileID: 11500000, guid: 83da53b5ef2da4042bd14acf5fcfa3fe, type: 3}
  m_Name: 
  m_EditorClassIdentifier: 
  Health: {fileID: 4640752525317124915}
  Energy: {fileID: 4939577431036555594}
--- !u!1001 &2244764731815147721
PrefabInstance:
  m_ObjectHideFlags: 0
  serializedVersion: 2
  m_Modification:
    m_TransformParent: {fileID: 7625817412100438387}
    m_Modifications:
    - target: {fileID: 1894125848256730658, guid: 450d62591faace742ab90264a823313e, type: 3}
      propertyPath: m_AnchorMax.x
      value: 0
      objectReference: {fileID: 0}
    - target: {fileID: 1894125848256730658, guid: 450d62591faace742ab90264a823313e, type: 3}
      propertyPath: m_AnchorMax.y
      value: 0
      objectReference: {fileID: 0}
    - target: {fileID: 1894125848256730658, guid: 450d62591faace742ab90264a823313e, type: 3}
      propertyPath: m_AnchorMin.x
      value: 0
      objectReference: {fileID: 0}
    - target: {fileID: 2208838754553626843, guid: 450d62591faace742ab90264a823313e, type: 3}
      propertyPath: m_Name
      value: EnergyBarSld
      objectReference: {fileID: 0}
    - target: {fileID: 2842303891531640197, guid: 450d62591faace742ab90264a823313e, type: 3}
      propertyPath: m_Pivot.x
      value: 0.5
      objectReference: {fileID: 0}
    - target: {fileID: 2842303891531640197, guid: 450d62591faace742ab90264a823313e, type: 3}
      propertyPath: m_Pivot.y
      value: 0.5
      objectReference: {fileID: 0}
    - target: {fileID: 2842303891531640197, guid: 450d62591faace742ab90264a823313e, type: 3}
      propertyPath: m_RootOrder
      value: 3
      objectReference: {fileID: 0}
    - target: {fileID: 2842303891531640197, guid: 450d62591faace742ab90264a823313e, type: 3}
      propertyPath: m_AnchorMax.x
      value: 0.5
      objectReference: {fileID: 0}
    - target: {fileID: 2842303891531640197, guid: 450d62591faace742ab90264a823313e, type: 3}
      propertyPath: m_AnchorMax.y
      value: 0.5
      objectReference: {fileID: 0}
    - target: {fileID: 2842303891531640197, guid: 450d62591faace742ab90264a823313e, type: 3}
      propertyPath: m_AnchorMin.x
      value: 0.5
      objectReference: {fileID: 0}
    - target: {fileID: 2842303891531640197, guid: 450d62591faace742ab90264a823313e, type: 3}
      propertyPath: m_AnchorMin.y
      value: 0.5
      objectReference: {fileID: 0}
    - target: {fileID: 2842303891531640197, guid: 450d62591faace742ab90264a823313e, type: 3}
      propertyPath: m_SizeDelta.x
      value: 182.52
      objectReference: {fileID: 0}
    - target: {fileID: 2842303891531640197, guid: 450d62591faace742ab90264a823313e, type: 3}
      propertyPath: m_SizeDelta.y
      value: 29.8957
      objectReference: {fileID: 0}
    - target: {fileID: 2842303891531640197, guid: 450d62591faace742ab90264a823313e, type: 3}
      propertyPath: m_LocalPosition.x
      value: 0
      objectReference: {fileID: 0}
    - target: {fileID: 2842303891531640197, guid: 450d62591faace742ab90264a823313e, type: 3}
      propertyPath: m_LocalPosition.y
      value: 0
      objectReference: {fileID: 0}
    - target: {fileID: 2842303891531640197, guid: 450d62591faace742ab90264a823313e, type: 3}
      propertyPath: m_LocalPosition.z
      value: 0
      objectReference: {fileID: 0}
    - target: {fileID: 2842303891531640197, guid: 450d62591faace742ab90264a823313e, type: 3}
      propertyPath: m_LocalRotation.w
      value: 1
      objectReference: {fileID: 0}
    - target: {fileID: 2842303891531640197, guid: 450d62591faace742ab90264a823313e, type: 3}
      propertyPath: m_LocalRotation.x
      value: -0
      objectReference: {fileID: 0}
    - target: {fileID: 2842303891531640197, guid: 450d62591faace742ab90264a823313e, type: 3}
      propertyPath: m_LocalRotation.y
      value: -0
      objectReference: {fileID: 0}
    - target: {fileID: 2842303891531640197, guid: 450d62591faace742ab90264a823313e, type: 3}
      propertyPath: m_LocalRotation.z
      value: -0
      objectReference: {fileID: 0}
    - target: {fileID: 2842303891531640197, guid: 450d62591faace742ab90264a823313e, type: 3}
      propertyPath: m_AnchoredPosition.x
      value: -525.73
      objectReference: {fileID: 0}
    - target: {fileID: 2842303891531640197, guid: 450d62591faace742ab90264a823313e, type: 3}
      propertyPath: m_AnchoredPosition.y
      value: 220.6
      objectReference: {fileID: 0}
    - target: {fileID: 2842303891531640197, guid: 450d62591faace742ab90264a823313e, type: 3}
      propertyPath: m_LocalEulerAnglesHint.x
      value: 0
      objectReference: {fileID: 0}
    - target: {fileID: 2842303891531640197, guid: 450d62591faace742ab90264a823313e, type: 3}
      propertyPath: m_LocalEulerAnglesHint.y
      value: 0
      objectReference: {fileID: 0}
    - target: {fileID: 2842303891531640197, guid: 450d62591faace742ab90264a823313e, type: 3}
      propertyPath: m_LocalEulerAnglesHint.z
      value: 0
      objectReference: {fileID: 0}
    - target: {fileID: 6595872780675730890, guid: 450d62591faace742ab90264a823313e, type: 3}
      propertyPath: m_Color.b
      value: 1
      objectReference: {fileID: 0}
    - target: {fileID: 6595872780675730890, guid: 450d62591faace742ab90264a823313e, type: 3}
      propertyPath: m_Color.g
      value: 0.15686275
      objectReference: {fileID: 0}
    - target: {fileID: 6595872780675730890, guid: 450d62591faace742ab90264a823313e, type: 3}
      propertyPath: m_Color.r
      value: 0
      objectReference: {fileID: 0}
    - target: {fileID: 7192898534281370719, guid: 450d62591faace742ab90264a823313e, type: 3}
      propertyPath: gradient.atime1
      value: 65535
      objectReference: {fileID: 0}
    - target: {fileID: 7192898534281370719, guid: 450d62591faace742ab90264a823313e, type: 3}
      propertyPath: gradient.ctime0
      value: 0
      objectReference: {fileID: 0}
    - target: {fileID: 7192898534281370719, guid: 450d62591faace742ab90264a823313e, type: 3}
      propertyPath: gradient.ctime1
      value: 65535
      objectReference: {fileID: 0}
    - target: {fileID: 7192898534281370719, guid: 450d62591faace742ab90264a823313e, type: 3}
      propertyPath: gradient.key0.b
      value: 1
      objectReference: {fileID: 0}
    - target: {fileID: 7192898534281370719, guid: 450d62591faace742ab90264a823313e, type: 3}
      propertyPath: gradient.key0.g
      value: 0.15686275
      objectReference: {fileID: 0}
    - target: {fileID: 7192898534281370719, guid: 450d62591faace742ab90264a823313e, type: 3}
      propertyPath: gradient.key0.r
      value: 0
      objectReference: {fileID: 0}
    - target: {fileID: 7192898534281370719, guid: 450d62591faace742ab90264a823313e, type: 3}
      propertyPath: gradient.key1.b
      value: 1
      objectReference: {fileID: 0}
    - target: {fileID: 7192898534281370719, guid: 450d62591faace742ab90264a823313e, type: 3}
      propertyPath: gradient.key1.g
      value: 0.15686275
      objectReference: {fileID: 0}
    - target: {fileID: 7192898534281370719, guid: 450d62591faace742ab90264a823313e, type: 3}
      propertyPath: gradient.key1.r
      value: 0
      objectReference: {fileID: 0}
    - target: {fileID: 7192898534281370719, guid: 450d62591faace742ab90264a823313e, type: 3}
      propertyPath: gradient.m_Mode
      value: 1
      objectReference: {fileID: 0}
    - target: {fileID: 7192898534281370719, guid: 450d62591faace742ab90264a823313e, type: 3}
      propertyPath: gradient.m_NumAlphaKeys
      value: 2
      objectReference: {fileID: 0}
    - target: {fileID: 7192898534281370719, guid: 450d62591faace742ab90264a823313e, type: 3}
      propertyPath: gradient.m_NumColorKeys
      value: 2
      objectReference: {fileID: 0}
    - target: {fileID: 8771086293032232992, guid: 450d62591faace742ab90264a823313e, type: 3}
      propertyPath: m_AnchorMax.x
      value: 0
      objectReference: {fileID: 0}
    - target: {fileID: 8771086293032232992, guid: 450d62591faace742ab90264a823313e, type: 3}
      propertyPath: m_AnchorMax.y
      value: 0
      objectReference: {fileID: 0}
    m_RemovedComponents: []
  m_SourcePrefab: {fileID: 100100000, guid: 450d62591faace742ab90264a823313e, type: 3}
--- !u!224 &4059684958214460748 stripped
RectTransform:
  m_CorrespondingSourceObject: {fileID: 2842303891531640197, guid: 450d62591faace742ab90264a823313e, type: 3}
  m_PrefabInstance: {fileID: 2244764731815147721}
  m_PrefabAsset: {fileID: 0}
--- !u!114 &9004189591396050070 stripped
MonoBehaviour:
  m_CorrespondingSourceObject: {fileID: 7192898534281370719, guid: 450d62591faace742ab90264a823313e, type: 3}
  m_PrefabInstance: {fileID: 2244764731815147721}
  m_PrefabAsset: {fileID: 0}
  m_GameObject: {fileID: 0}
  m_Enabled: 1
  m_EditorHideFlags: 0
  m_Script: {fileID: 11500000, guid: 4b6904f8cd571d04ea4fd21816b14cc2, type: 3}
  m_Name: 
  m_EditorClassIdentifier: 
--- !u!1001 &2572976845230370668
PrefabInstance:
  m_ObjectHideFlags: 0
  serializedVersion: 2
  m_Modification:
    m_TransformParent: {fileID: 666382905689399198}
    m_Modifications:
    - target: {fileID: 2208838754553626843, guid: 450d62591faace742ab90264a823313e, type: 3}
      propertyPath: m_Name
      value: HPBarSld
      objectReference: {fileID: 0}
    - target: {fileID: 2842303891531640197, guid: 450d62591faace742ab90264a823313e, type: 3}
      propertyPath: m_Pivot.x
      value: 0.5
      objectReference: {fileID: 0}
    - target: {fileID: 2842303891531640197, guid: 450d62591faace742ab90264a823313e, type: 3}
      propertyPath: m_Pivot.y
      value: 0.5
      objectReference: {fileID: 0}
    - target: {fileID: 2842303891531640197, guid: 450d62591faace742ab90264a823313e, type: 3}
      propertyPath: m_RootOrder
      value: 0
      objectReference: {fileID: 0}
    - target: {fileID: 2842303891531640197, guid: 450d62591faace742ab90264a823313e, type: 3}
      propertyPath: m_AnchorMax.x
      value: 0.5
      objectReference: {fileID: 0}
    - target: {fileID: 2842303891531640197, guid: 450d62591faace742ab90264a823313e, type: 3}
      propertyPath: m_AnchorMax.y
      value: 0.5
      objectReference: {fileID: 0}
    - target: {fileID: 2842303891531640197, guid: 450d62591faace742ab90264a823313e, type: 3}
      propertyPath: m_AnchorMin.x
      value: 0.5
      objectReference: {fileID: 0}
    - target: {fileID: 2842303891531640197, guid: 450d62591faace742ab90264a823313e, type: 3}
      propertyPath: m_AnchorMin.y
      value: 0.5
      objectReference: {fileID: 0}
    - target: {fileID: 2842303891531640197, guid: 450d62591faace742ab90264a823313e, type: 3}
      propertyPath: m_SizeDelta.x
      value: 459.8609
      objectReference: {fileID: 0}
    - target: {fileID: 2842303891531640197, guid: 450d62591faace742ab90264a823313e, type: 3}
      propertyPath: m_SizeDelta.y
      value: 62.5176
      objectReference: {fileID: 0}
    - target: {fileID: 2842303891531640197, guid: 450d62591faace742ab90264a823313e, type: 3}
      propertyPath: m_LocalScale.x
      value: 0.5
      objectReference: {fileID: 0}
    - target: {fileID: 2842303891531640197, guid: 450d62591faace742ab90264a823313e, type: 3}
      propertyPath: m_LocalScale.y
      value: 0.5
      objectReference: {fileID: 0}
    - target: {fileID: 2842303891531640197, guid: 450d62591faace742ab90264a823313e, type: 3}
      propertyPath: m_LocalScale.z
      value: 0.5
      objectReference: {fileID: 0}
    - target: {fileID: 2842303891531640197, guid: 450d62591faace742ab90264a823313e, type: 3}
      propertyPath: m_LocalPosition.x
      value: 0
      objectReference: {fileID: 0}
    - target: {fileID: 2842303891531640197, guid: 450d62591faace742ab90264a823313e, type: 3}
      propertyPath: m_LocalPosition.y
      value: 0
      objectReference: {fileID: 0}
    - target: {fileID: 2842303891531640197, guid: 450d62591faace742ab90264a823313e, type: 3}
      propertyPath: m_LocalPosition.z
      value: 0
      objectReference: {fileID: 0}
    - target: {fileID: 2842303891531640197, guid: 450d62591faace742ab90264a823313e, type: 3}
      propertyPath: m_LocalRotation.w
      value: 1
      objectReference: {fileID: 0}
    - target: {fileID: 2842303891531640197, guid: 450d62591faace742ab90264a823313e, type: 3}
      propertyPath: m_LocalRotation.x
      value: 0
      objectReference: {fileID: 0}
    - target: {fileID: 2842303891531640197, guid: 450d62591faace742ab90264a823313e, type: 3}
      propertyPath: m_LocalRotation.y
      value: 0
      objectReference: {fileID: 0}
    - target: {fileID: 2842303891531640197, guid: 450d62591faace742ab90264a823313e, type: 3}
      propertyPath: m_LocalRotation.z
      value: 0
      objectReference: {fileID: 0}
    - target: {fileID: 2842303891531640197, guid: 450d62591faace742ab90264a823313e, type: 3}
      propertyPath: m_AnchoredPosition.x
      value: 9
      objectReference: {fileID: 0}
    - target: {fileID: 2842303891531640197, guid: 450d62591faace742ab90264a823313e, type: 3}
      propertyPath: m_AnchoredPosition.y
      value: -58
      objectReference: {fileID: 0}
    - target: {fileID: 2842303891531640197, guid: 450d62591faace742ab90264a823313e, type: 3}
      propertyPath: m_LocalEulerAnglesHint.x
      value: 0
      objectReference: {fileID: 0}
    - target: {fileID: 2842303891531640197, guid: 450d62591faace742ab90264a823313e, type: 3}
      propertyPath: m_LocalEulerAnglesHint.y
      value: 0
      objectReference: {fileID: 0}
    - target: {fileID: 2842303891531640197, guid: 450d62591faace742ab90264a823313e, type: 3}
      propertyPath: m_LocalEulerAnglesHint.z
      value: 0
      objectReference: {fileID: 0}
    - target: {fileID: 7192898534281370719, guid: 450d62591faace742ab90264a823313e, type: 3}
      propertyPath: gradient.ctime0
      value: 13107
      objectReference: {fileID: 0}
    - target: {fileID: 7192898534281370719, guid: 450d62591faace742ab90264a823313e, type: 3}
      propertyPath: gradient.ctime1
      value: 39321
      objectReference: {fileID: 0}
    - target: {fileID: 7192898534281370719, guid: 450d62591faace742ab90264a823313e, type: 3}
      propertyPath: gradient.key0.g
      value: 0.1581983
      objectReference: {fileID: 0}
    - target: {fileID: 7192898534281370719, guid: 450d62591faace742ab90264a823313e, type: 3}
      propertyPath: gradient.key1.g
      value: 0.977341
      objectReference: {fileID: 0}
    - target: {fileID: 8771086293032232992, guid: 450d62591faace742ab90264a823313e, type: 3}
      propertyPath: m_AnchorMax.x
      value: 0
      objectReference: {fileID: 0}
    - target: {fileID: 8771086293032232992, guid: 450d62591faace742ab90264a823313e, type: 3}
      propertyPath: m_AnchorMax.y
      value: 0
      objectReference: {fileID: 0}
    m_RemovedComponents: []
  m_SourcePrefab: {fileID: 100100000, guid: 450d62591faace742ab90264a823313e, type: 3}
--- !u!224 &343655221810348777 stripped
RectTransform:
  m_CorrespondingSourceObject: {fileID: 2842303891531640197, guid: 450d62591faace742ab90264a823313e, type: 3}
  m_PrefabInstance: {fileID: 2572976845230370668}
  m_PrefabAsset: {fileID: 0}
--- !u!114 &4640752525317124915 stripped
MonoBehaviour:
  m_CorrespondingSourceObject: {fileID: 7192898534281370719, guid: 450d62591faace742ab90264a823313e, type: 3}
  m_PrefabInstance: {fileID: 2572976845230370668}
  m_PrefabAsset: {fileID: 0}
  m_GameObject: {fileID: 0}
  m_Enabled: 1
  m_EditorHideFlags: 0
  m_Script: {fileID: 11500000, guid: 4b6904f8cd571d04ea4fd21816b14cc2, type: 3}
  m_Name: 
  m_EditorClassIdentifier: 
--- !u!1001 &2836890202658352405
PrefabInstance:
  m_ObjectHideFlags: 0
  serializedVersion: 2
  m_Modification:
    m_TransformParent: {fileID: 666382905689399198}
    m_Modifications:
    - target: {fileID: 2208838754553626843, guid: 450d62591faace742ab90264a823313e, type: 3}
      propertyPath: m_Name
      value: EnergyBarSld
      objectReference: {fileID: 0}
    - target: {fileID: 2842303891531640197, guid: 450d62591faace742ab90264a823313e, type: 3}
      propertyPath: m_Pivot.x
      value: 0.5
      objectReference: {fileID: 0}
    - target: {fileID: 2842303891531640197, guid: 450d62591faace742ab90264a823313e, type: 3}
      propertyPath: m_Pivot.y
      value: 0.5
      objectReference: {fileID: 0}
    - target: {fileID: 2842303891531640197, guid: 450d62591faace742ab90264a823313e, type: 3}
      propertyPath: m_RootOrder
      value: 1
      objectReference: {fileID: 0}
    - target: {fileID: 2842303891531640197, guid: 450d62591faace742ab90264a823313e, type: 3}
      propertyPath: m_AnchorMax.x
      value: 0.5
      objectReference: {fileID: 0}
    - target: {fileID: 2842303891531640197, guid: 450d62591faace742ab90264a823313e, type: 3}
      propertyPath: m_AnchorMax.y
      value: 0.5
      objectReference: {fileID: 0}
    - target: {fileID: 2842303891531640197, guid: 450d62591faace742ab90264a823313e, type: 3}
      propertyPath: m_AnchorMin.x
      value: 0.5
      objectReference: {fileID: 0}
    - target: {fileID: 2842303891531640197, guid: 450d62591faace742ab90264a823313e, type: 3}
      propertyPath: m_AnchorMin.y
      value: 0.5
      objectReference: {fileID: 0}
    - target: {fileID: 2842303891531640197, guid: 450d62591faace742ab90264a823313e, type: 3}
      propertyPath: m_SizeDelta.x
      value: 459.86
      objectReference: {fileID: 0}
    - target: {fileID: 2842303891531640197, guid: 450d62591faace742ab90264a823313e, type: 3}
      propertyPath: m_SizeDelta.y
      value: 30
      objectReference: {fileID: 0}
    - target: {fileID: 2842303891531640197, guid: 450d62591faace742ab90264a823313e, type: 3}
      propertyPath: m_LocalScale.x
      value: 0.5
      objectReference: {fileID: 0}
    - target: {fileID: 2842303891531640197, guid: 450d62591faace742ab90264a823313e, type: 3}
      propertyPath: m_LocalScale.y
      value: 0.5
      objectReference: {fileID: 0}
    - target: {fileID: 2842303891531640197, guid: 450d62591faace742ab90264a823313e, type: 3}
      propertyPath: m_LocalScale.z
      value: 0.5
      objectReference: {fileID: 0}
    - target: {fileID: 2842303891531640197, guid: 450d62591faace742ab90264a823313e, type: 3}
      propertyPath: m_LocalPosition.x
      value: 0
      objectReference: {fileID: 0}
    - target: {fileID: 2842303891531640197, guid: 450d62591faace742ab90264a823313e, type: 3}
      propertyPath: m_LocalPosition.y
      value: 0
      objectReference: {fileID: 0}
    - target: {fileID: 2842303891531640197, guid: 450d62591faace742ab90264a823313e, type: 3}
      propertyPath: m_LocalPosition.z
      value: 0
      objectReference: {fileID: 0}
    - target: {fileID: 2842303891531640197, guid: 450d62591faace742ab90264a823313e, type: 3}
      propertyPath: m_LocalRotation.w
      value: 1
      objectReference: {fileID: 0}
    - target: {fileID: 2842303891531640197, guid: 450d62591faace742ab90264a823313e, type: 3}
      propertyPath: m_LocalRotation.x
      value: 0
      objectReference: {fileID: 0}
    - target: {fileID: 2842303891531640197, guid: 450d62591faace742ab90264a823313e, type: 3}
      propertyPath: m_LocalRotation.y
      value: 0
      objectReference: {fileID: 0}
    - target: {fileID: 2842303891531640197, guid: 450d62591faace742ab90264a823313e, type: 3}
      propertyPath: m_LocalRotation.z
      value: 0
      objectReference: {fileID: 0}
    - target: {fileID: 2842303891531640197, guid: 450d62591faace742ab90264a823313e, type: 3}
      propertyPath: m_AnchoredPosition.x
      value: 9.0002
      objectReference: {fileID: 0}
    - target: {fileID: 2842303891531640197, guid: 450d62591faace742ab90264a823313e, type: 3}
      propertyPath: m_AnchoredPosition.y
      value: -94
      objectReference: {fileID: 0}
    - target: {fileID: 2842303891531640197, guid: 450d62591faace742ab90264a823313e, type: 3}
      propertyPath: m_LocalEulerAnglesHint.x
      value: 0
      objectReference: {fileID: 0}
    - target: {fileID: 2842303891531640197, guid: 450d62591faace742ab90264a823313e, type: 3}
      propertyPath: m_LocalEulerAnglesHint.y
      value: 0
      objectReference: {fileID: 0}
    - target: {fileID: 2842303891531640197, guid: 450d62591faace742ab90264a823313e, type: 3}
      propertyPath: m_LocalEulerAnglesHint.z
      value: 0
      objectReference: {fileID: 0}
    - target: {fileID: 6595872780675730890, guid: 450d62591faace742ab90264a823313e, type: 3}
      propertyPath: m_Color.b
      value: 1
      objectReference: {fileID: 0}
    - target: {fileID: 6595872780675730890, guid: 450d62591faace742ab90264a823313e, type: 3}
      propertyPath: m_Color.g
      value: 0.1976142
      objectReference: {fileID: 0}
    - target: {fileID: 7192898534281370719, guid: 450d62591faace742ab90264a823313e, type: 3}
      propertyPath: gradient.atime1
      value: 65535
      objectReference: {fileID: 0}
    - target: {fileID: 7192898534281370719, guid: 450d62591faace742ab90264a823313e, type: 3}
      propertyPath: gradient.ctime0
      value: 0
      objectReference: {fileID: 0}
    - target: {fileID: 7192898534281370719, guid: 450d62591faace742ab90264a823313e, type: 3}
      propertyPath: gradient.ctime1
      value: 65535
      objectReference: {fileID: 0}
    - target: {fileID: 7192898534281370719, guid: 450d62591faace742ab90264a823313e, type: 3}
      propertyPath: gradient.key0.b
      value: 1
      objectReference: {fileID: 0}
    - target: {fileID: 7192898534281370719, guid: 450d62591faace742ab90264a823313e, type: 3}
      propertyPath: gradient.key0.g
      value: 0.15730858
      objectReference: {fileID: 0}
    - target: {fileID: 7192898534281370719, guid: 450d62591faace742ab90264a823313e, type: 3}
      propertyPath: gradient.key0.r
      value: 0
      objectReference: {fileID: 0}
    - target: {fileID: 7192898534281370719, guid: 450d62591faace742ab90264a823313e, type: 3}
      propertyPath: gradient.key1.b
      value: 1
      objectReference: {fileID: 0}
    - target: {fileID: 7192898534281370719, guid: 450d62591faace742ab90264a823313e, type: 3}
      propertyPath: gradient.key1.g
      value: 0.15730858
      objectReference: {fileID: 0}
    - target: {fileID: 7192898534281370719, guid: 450d62591faace742ab90264a823313e, type: 3}
      propertyPath: gradient.key1.r
      value: 0
      objectReference: {fileID: 0}
    - target: {fileID: 7192898534281370719, guid: 450d62591faace742ab90264a823313e, type: 3}
      propertyPath: gradient.m_NumAlphaKeys
      value: 2
      objectReference: {fileID: 0}
    - target: {fileID: 7192898534281370719, guid: 450d62591faace742ab90264a823313e, type: 3}
      propertyPath: gradient.m_NumColorKeys
      value: 2
      objectReference: {fileID: 0}
    - target: {fileID: 8771086293032232992, guid: 450d62591faace742ab90264a823313e, type: 3}
      propertyPath: m_AnchorMax.x
      value: 0
      objectReference: {fileID: 0}
    - target: {fileID: 8771086293032232992, guid: 450d62591faace742ab90264a823313e, type: 3}
      propertyPath: m_AnchorMax.y
      value: 0
      objectReference: {fileID: 0}
    m_RemovedComponents: []
  m_SourcePrefab: {fileID: 100100000, guid: 450d62591faace742ab90264a823313e, type: 3}
--- !u!114 &4939577431036555594 stripped
MonoBehaviour:
  m_CorrespondingSourceObject: {fileID: 7192898534281370719, guid: 450d62591faace742ab90264a823313e, type: 3}
  m_PrefabInstance: {fileID: 2836890202658352405}
  m_PrefabAsset: {fileID: 0}
  m_GameObject: {fileID: 0}
  m_Enabled: 1
  m_EditorHideFlags: 0
  m_Script: {fileID: 11500000, guid: 4b6904f8cd571d04ea4fd21816b14cc2, type: 3}
  m_Name: 
  m_EditorClassIdentifier: 
--- !u!224 &13313777362043024 stripped
RectTransform:
  m_CorrespondingSourceObject: {fileID: 2842303891531640197, guid: 450d62591faace742ab90264a823313e, type: 3}
  m_PrefabInstance: {fileID: 2836890202658352405}
  m_PrefabAsset: {fileID: 0}
--- !u!1001 &5149972998686755876
PrefabInstance:
  m_ObjectHideFlags: 0
  serializedVersion: 2
  m_Modification:
    m_TransformParent: {fileID: 7625817412100438387}
    m_Modifications:
    - target: {fileID: 1894125848256730658, guid: 450d62591faace742ab90264a823313e, type: 3}
      propertyPath: m_AnchorMax.x
      value: 0
      objectReference: {fileID: 0}
    - target: {fileID: 1894125848256730658, guid: 450d62591faace742ab90264a823313e, type: 3}
      propertyPath: m_AnchorMax.y
      value: 0
      objectReference: {fileID: 0}
    - target: {fileID: 1894125848256730658, guid: 450d62591faace742ab90264a823313e, type: 3}
      propertyPath: m_AnchorMin.x
      value: 0
      objectReference: {fileID: 0}
    - target: {fileID: 2208838754553626843, guid: 450d62591faace742ab90264a823313e, type: 3}
      propertyPath: m_Name
      value: HPBarSld
      objectReference: {fileID: 0}
    - target: {fileID: 2842303891531640197, guid: 450d62591faace742ab90264a823313e, type: 3}
      propertyPath: m_Pivot.x
      value: 0.5
      objectReference: {fileID: 0}
    - target: {fileID: 2842303891531640197, guid: 450d62591faace742ab90264a823313e, type: 3}
      propertyPath: m_Pivot.y
      value: 0.5
      objectReference: {fileID: 0}
    - target: {fileID: 2842303891531640197, guid: 450d62591faace742ab90264a823313e, type: 3}
      propertyPath: m_RootOrder
      value: 2
      objectReference: {fileID: 0}
    - target: {fileID: 2842303891531640197, guid: 450d62591faace742ab90264a823313e, type: 3}
      propertyPath: m_AnchorMax.x
      value: 0.5
      objectReference: {fileID: 0}
    - target: {fileID: 2842303891531640197, guid: 450d62591faace742ab90264a823313e, type: 3}
      propertyPath: m_AnchorMax.y
      value: 0.5
      objectReference: {fileID: 0}
    - target: {fileID: 2842303891531640197, guid: 450d62591faace742ab90264a823313e, type: 3}
      propertyPath: m_AnchorMin.x
      value: 0.5
      objectReference: {fileID: 0}
    - target: {fileID: 2842303891531640197, guid: 450d62591faace742ab90264a823313e, type: 3}
      propertyPath: m_AnchorMin.y
      value: 0.5
      objectReference: {fileID: 0}
    - target: {fileID: 2842303891531640197, guid: 450d62591faace742ab90264a823313e, type: 3}
      propertyPath: m_SizeDelta.x
      value: 182.5237
      objectReference: {fileID: 0}
    - target: {fileID: 2842303891531640197, guid: 450d62591faace742ab90264a823313e, type: 3}
      propertyPath: m_SizeDelta.y
      value: 37.5572
      objectReference: {fileID: 0}
    - target: {fileID: 2842303891531640197, guid: 450d62591faace742ab90264a823313e, type: 3}
      propertyPath: m_LocalPosition.x
      value: 0
      objectReference: {fileID: 0}
    - target: {fileID: 2842303891531640197, guid: 450d62591faace742ab90264a823313e, type: 3}
      propertyPath: m_LocalPosition.y
      value: 0
      objectReference: {fileID: 0}
    - target: {fileID: 2842303891531640197, guid: 450d62591faace742ab90264a823313e, type: 3}
      propertyPath: m_LocalPosition.z
      value: 0
      objectReference: {fileID: 0}
    - target: {fileID: 2842303891531640197, guid: 450d62591faace742ab90264a823313e, type: 3}
      propertyPath: m_LocalRotation.w
      value: 1
      objectReference: {fileID: 0}
    - target: {fileID: 2842303891531640197, guid: 450d62591faace742ab90264a823313e, type: 3}
      propertyPath: m_LocalRotation.x
      value: -0
      objectReference: {fileID: 0}
    - target: {fileID: 2842303891531640197, guid: 450d62591faace742ab90264a823313e, type: 3}
      propertyPath: m_LocalRotation.y
      value: -0
      objectReference: {fileID: 0}
    - target: {fileID: 2842303891531640197, guid: 450d62591faace742ab90264a823313e, type: 3}
      propertyPath: m_LocalRotation.z
      value: -0
      objectReference: {fileID: 0}
    - target: {fileID: 2842303891531640197, guid: 450d62591faace742ab90264a823313e, type: 3}
      propertyPath: m_AnchoredPosition.x
      value: -526.6686
      objectReference: {fileID: 0}
    - target: {fileID: 2842303891531640197, guid: 450d62591faace742ab90264a823313e, type: 3}
      propertyPath: m_AnchoredPosition.y
      value: 250.72021
      objectReference: {fileID: 0}
    - target: {fileID: 2842303891531640197, guid: 450d62591faace742ab90264a823313e, type: 3}
      propertyPath: m_LocalEulerAnglesHint.x
      value: 0
      objectReference: {fileID: 0}
    - target: {fileID: 2842303891531640197, guid: 450d62591faace742ab90264a823313e, type: 3}
      propertyPath: m_LocalEulerAnglesHint.y
      value: 0
      objectReference: {fileID: 0}
    - target: {fileID: 2842303891531640197, guid: 450d62591faace742ab90264a823313e, type: 3}
      propertyPath: m_LocalEulerAnglesHint.z
      value: 0
      objectReference: {fileID: 0}
    - target: {fileID: 3701602451310432565, guid: 450d62591faace742ab90264a823313e, type: 3}
      propertyPath: m_AnchoredPosition.y
      value: -0.000091552734
      objectReference: {fileID: 0}
    - target: {fileID: 7192898534281370719, guid: 450d62591faace742ab90264a823313e, type: 3}
      propertyPath: gradient.ctime0
      value: 13107
      objectReference: {fileID: 0}
    - target: {fileID: 7192898534281370719, guid: 450d62591faace742ab90264a823313e, type: 3}
      propertyPath: gradient.ctime1
      value: 39321
      objectReference: {fileID: 0}
    - target: {fileID: 7192898534281370719, guid: 450d62591faace742ab90264a823313e, type: 3}
      propertyPath: gradient.key0.g
      value: 0.1581983
      objectReference: {fileID: 0}
    - target: {fileID: 7192898534281370719, guid: 450d62591faace742ab90264a823313e, type: 3}
      propertyPath: gradient.key1.g
      value: 0.977341
      objectReference: {fileID: 0}
    - target: {fileID: 8363434814802936077, guid: 450d62591faace742ab90264a823313e, type: 3}
      propertyPath: m_Value
      value: 1
      objectReference: {fileID: 0}
    - target: {fileID: 8363434814802936077, guid: 450d62591faace742ab90264a823313e, type: 3}
      propertyPath: m_MaxValue
      value: 1
      objectReference: {fileID: 0}
    - target: {fileID: 8771086293032232992, guid: 450d62591faace742ab90264a823313e, type: 3}
      propertyPath: m_AnchorMax.x
      value: 0
      objectReference: {fileID: 0}
    - target: {fileID: 8771086293032232992, guid: 450d62591faace742ab90264a823313e, type: 3}
      propertyPath: m_AnchorMax.y
      value: 0
      objectReference: {fileID: 0}
    - target: {fileID: 8771086293032232992, guid: 450d62591faace742ab90264a823313e, type: 3}
      propertyPath: m_AnchoredPosition.x
      value: 1.1000061
      objectReference: {fileID: 0}
    m_RemovedComponents: []
  m_SourcePrefab: {fileID: 100100000, guid: 450d62591faace742ab90264a823313e, type: 3}
--- !u!114 &2641974929810460795 stripped
MonoBehaviour:
  m_CorrespondingSourceObject: {fileID: 7192898534281370719, guid: 450d62591faace742ab90264a823313e, type: 3}
  m_PrefabInstance: {fileID: 5149972998686755876}
  m_PrefabAsset: {fileID: 0}
  m_GameObject: {fileID: 0}
  m_Enabled: 1
  m_EditorHideFlags: 0
  m_Script: {fileID: 11500000, guid: 4b6904f8cd571d04ea4fd21816b14cc2, type: 3}
  m_Name: 
  m_EditorClassIdentifier: 
--- !u!224 &6920209072535364001 stripped
RectTransform:
  m_CorrespondingSourceObject: {fileID: 2842303891531640197, guid: 450d62591faace742ab90264a823313e, type: 3}
  m_PrefabInstance: {fileID: 5149972998686755876}
  m_PrefabAsset: {fileID: 0}
--- !u!1001 &5570715308922885195
PrefabInstance:
  m_ObjectHideFlags: 0
  serializedVersion: 2
  m_Modification:
    m_TransformParent: {fileID: 7625817412100438387}
    m_Modifications:
    - target: {fileID: 8330393551899093750, guid: 73c6a3e5117409447a5aa2a390618c18, type: 3}
      propertyPath: m_Pivot.x
      value: 0.5
      objectReference: {fileID: 0}
    - target: {fileID: 8330393551899093750, guid: 73c6a3e5117409447a5aa2a390618c18, type: 3}
      propertyPath: m_Pivot.y
      value: 0.5
      objectReference: {fileID: 0}
    - target: {fileID: 8330393551899093750, guid: 73c6a3e5117409447a5aa2a390618c18, type: 3}
      propertyPath: m_RootOrder
      value: 1
      objectReference: {fileID: 0}
    - target: {fileID: 8330393551899093750, guid: 73c6a3e5117409447a5aa2a390618c18, type: 3}
      propertyPath: m_AnchorMax.x
      value: 0.5
      objectReference: {fileID: 0}
    - target: {fileID: 8330393551899093750, guid: 73c6a3e5117409447a5aa2a390618c18, type: 3}
      propertyPath: m_AnchorMax.y
      value: 0
      objectReference: {fileID: 0}
    - target: {fileID: 8330393551899093750, guid: 73c6a3e5117409447a5aa2a390618c18, type: 3}
      propertyPath: m_AnchorMin.x
      value: 0.5
      objectReference: {fileID: 0}
    - target: {fileID: 8330393551899093750, guid: 73c6a3e5117409447a5aa2a390618c18, type: 3}
      propertyPath: m_AnchorMin.y
      value: 0
      objectReference: {fileID: 0}
    - target: {fileID: 8330393551899093750, guid: 73c6a3e5117409447a5aa2a390618c18, type: 3}
      propertyPath: m_SizeDelta.x
      value: 110
      objectReference: {fileID: 0}
    - target: {fileID: 8330393551899093750, guid: 73c6a3e5117409447a5aa2a390618c18, type: 3}
      propertyPath: m_SizeDelta.y
      value: 100
      objectReference: {fileID: 0}
    - target: {fileID: 8330393551899093750, guid: 73c6a3e5117409447a5aa2a390618c18, type: 3}
      propertyPath: m_LocalScale.x
      value: 1
      objectReference: {fileID: 0}
    - target: {fileID: 8330393551899093750, guid: 73c6a3e5117409447a5aa2a390618c18, type: 3}
      propertyPath: m_LocalScale.y
      value: 1
      objectReference: {fileID: 0}
    - target: {fileID: 8330393551899093750, guid: 73c6a3e5117409447a5aa2a390618c18, type: 3}
      propertyPath: m_LocalScale.z
      value: 1
      objectReference: {fileID: 0}
    - target: {fileID: 8330393551899093750, guid: 73c6a3e5117409447a5aa2a390618c18, type: 3}
      propertyPath: m_LocalPosition.x
      value: 0
      objectReference: {fileID: 0}
    - target: {fileID: 8330393551899093750, guid: 73c6a3e5117409447a5aa2a390618c18, type: 3}
      propertyPath: m_LocalPosition.y
      value: 0
      objectReference: {fileID: 0}
    - target: {fileID: 8330393551899093750, guid: 73c6a3e5117409447a5aa2a390618c18, type: 3}
      propertyPath: m_LocalPosition.z
      value: 0
      objectReference: {fileID: 0}
    - target: {fileID: 8330393551899093750, guid: 73c6a3e5117409447a5aa2a390618c18, type: 3}
      propertyPath: m_LocalRotation.w
      value: 1
      objectReference: {fileID: 0}
    - target: {fileID: 8330393551899093750, guid: 73c6a3e5117409447a5aa2a390618c18, type: 3}
      propertyPath: m_LocalRotation.x
      value: -0
      objectReference: {fileID: 0}
    - target: {fileID: 8330393551899093750, guid: 73c6a3e5117409447a5aa2a390618c18, type: 3}
      propertyPath: m_LocalRotation.y
      value: -0
      objectReference: {fileID: 0}
    - target: {fileID: 8330393551899093750, guid: 73c6a3e5117409447a5aa2a390618c18, type: 3}
      propertyPath: m_LocalRotation.z
      value: -0
      objectReference: {fileID: 0}
    - target: {fileID: 8330393551899093750, guid: 73c6a3e5117409447a5aa2a390618c18, type: 3}
      propertyPath: m_AnchoredPosition.x
      value: 229
      objectReference: {fileID: 0}
    - target: {fileID: 8330393551899093750, guid: 73c6a3e5117409447a5aa2a390618c18, type: 3}
      propertyPath: m_AnchoredPosition.y
      value: -171
      objectReference: {fileID: 0}
    - target: {fileID: 8330393551899093750, guid: 73c6a3e5117409447a5aa2a390618c18, type: 3}
      propertyPath: m_LocalEulerAnglesHint.x
      value: 0
      objectReference: {fileID: 0}
    - target: {fileID: 8330393551899093750, guid: 73c6a3e5117409447a5aa2a390618c18, type: 3}
      propertyPath: m_LocalEulerAnglesHint.y
      value: 0
      objectReference: {fileID: 0}
    - target: {fileID: 8330393551899093750, guid: 73c6a3e5117409447a5aa2a390618c18, type: 3}
      propertyPath: m_LocalEulerAnglesHint.z
      value: 0
      objectReference: {fileID: 0}
    - target: {fileID: 8330393551899093751, guid: 73c6a3e5117409447a5aa2a390618c18, type: 3}
      propertyPath: m_Name
      value: Speedometer
      objectReference: {fileID: 0}
    - target: {fileID: 8330393551899093751, guid: 73c6a3e5117409447a5aa2a390618c18, type: 3}
      propertyPath: m_IsActive
      value: 0
      objectReference: {fileID: 0}
    m_RemovedComponents: []
  m_SourcePrefab: {fileID: 100100000, guid: 73c6a3e5117409447a5aa2a390618c18, type: 3}
--- !u!224 &4527429078353690301 stripped
RectTransform:
  m_CorrespondingSourceObject: {fileID: 8330393551899093750, guid: 73c6a3e5117409447a5aa2a390618c18, type: 3}
  m_PrefabInstance: {fileID: 5570715308922885195}
  m_PrefabAsset: {fileID: 0}
--- !u!114 &4527429078353690296 stripped
MonoBehaviour:
  m_CorrespondingSourceObject: {fileID: 8330393551899093747, guid: 73c6a3e5117409447a5aa2a390618c18, type: 3}
  m_PrefabInstance: {fileID: 5570715308922885195}
  m_PrefabAsset: {fileID: 0}
  m_GameObject: {fileID: 0}
  m_Enabled: 1
  m_EditorHideFlags: 0
  m_Script: {fileID: 11500000, guid: e0f7f6cabbfd9a14e82142e286529d77, type: 3}
  m_Name: 
  m_EditorClassIdentifier: 
--- !u!1001 &5781096203419646606
PrefabInstance:
  m_ObjectHideFlags: 0
  serializedVersion: 2
  m_Modification:
    m_TransformParent: {fileID: 1436906230057705784}
    m_Modifications:
    - target: {fileID: 3462942276374621726, guid: ef3d477235b48b14b90a3d599c922021, type: 3}
      propertyPath: Flags
      value: 3073
      objectReference: {fileID: 0}
    - target: {fileID: 3462942276374621726, guid: ef3d477235b48b14b90a3d599c922021, type: 3}
      propertyPath: NetworkGuid.RawGuidValue.Array.data[0]
      value: 0
      objectReference: {fileID: 0}
    - target: {fileID: 3462942276374621726, guid: ef3d477235b48b14b90a3d599c922021, type: 3}
      propertyPath: NetworkGuid.RawGuidValue.Array.data[1]
      value: 0
      objectReference: {fileID: 0}
    - target: {fileID: 6091360266208194196, guid: ef3d477235b48b14b90a3d599c922021, type: 3}
      propertyPath: m_RootOrder
      value: 4
      objectReference: {fileID: 0}
    - target: {fileID: 6091360266208194196, guid: ef3d477235b48b14b90a3d599c922021, type: 3}
      propertyPath: m_LocalPosition.x
      value: 0.1
      objectReference: {fileID: 0}
    - target: {fileID: 6091360266208194196, guid: ef3d477235b48b14b90a3d599c922021, type: 3}
      propertyPath: m_LocalPosition.y
      value: -0.04
      objectReference: {fileID: 0}
    - target: {fileID: 6091360266208194196, guid: ef3d477235b48b14b90a3d599c922021, type: 3}
      propertyPath: m_LocalPosition.z
      value: 0
      objectReference: {fileID: 0}
    - target: {fileID: 6091360266208194196, guid: ef3d477235b48b14b90a3d599c922021, type: 3}
      propertyPath: m_LocalRotation.w
      value: 1
      objectReference: {fileID: 0}
    - target: {fileID: 6091360266208194196, guid: ef3d477235b48b14b90a3d599c922021, type: 3}
      propertyPath: m_LocalRotation.x
      value: 0
      objectReference: {fileID: 0}
    - target: {fileID: 6091360266208194196, guid: ef3d477235b48b14b90a3d599c922021, type: 3}
      propertyPath: m_LocalRotation.y
      value: 0
      objectReference: {fileID: 0}
    - target: {fileID: 6091360266208194196, guid: ef3d477235b48b14b90a3d599c922021, type: 3}
      propertyPath: m_LocalRotation.z
      value: 0
      objectReference: {fileID: 0}
    - target: {fileID: 6091360266208194196, guid: ef3d477235b48b14b90a3d599c922021, type: 3}
      propertyPath: m_LocalEulerAnglesHint.x
      value: 0
      objectReference: {fileID: 0}
    - target: {fileID: 6091360266208194196, guid: ef3d477235b48b14b90a3d599c922021, type: 3}
      propertyPath: m_LocalEulerAnglesHint.y
      value: 0
      objectReference: {fileID: 0}
    - target: {fileID: 6091360266208194196, guid: ef3d477235b48b14b90a3d599c922021, type: 3}
      propertyPath: m_LocalEulerAnglesHint.z
      value: 0
      objectReference: {fileID: 0}
    - target: {fileID: 7680657284535737041, guid: ef3d477235b48b14b90a3d599c922021, type: 3}
      propertyPath: m_Name
      value: AK47_GunNetwork
      objectReference: {fileID: 0}
    m_RemovedComponents: []
  m_SourcePrefab: {fileID: 100100000, guid: ef3d477235b48b14b90a3d599c922021, type: 3}
--- !u!4 &338420597646906394 stripped
Transform:
  m_CorrespondingSourceObject: {fileID: 6091360266208194196, guid: ef3d477235b48b14b90a3d599c922021, type: 3}
  m_PrefabInstance: {fileID: 5781096203419646606}
  m_PrefabAsset: {fileID: 0}
--- !u!114 &6932240464058913936 stripped
MonoBehaviour:
  m_CorrespondingSourceObject: {fileID: 3462942276374621726, guid: ef3d477235b48b14b90a3d599c922021, type: 3}
  m_PrefabInstance: {fileID: 5781096203419646606}
  m_PrefabAsset: {fileID: 0}
  m_GameObject: {fileID: 0}
  m_Enabled: 1
  m_EditorHideFlags: 0
  m_Script: {fileID: -1552182283, guid: e725a070cec140c4caffb81624c8c787, type: 3}
  m_Name: 
  m_EditorClassIdentifier: 
--- !u!1001 &8018419894984814537
PrefabInstance:
  m_ObjectHideFlags: 0
  serializedVersion: 2
  m_Modification:
    m_TransformParent: {fileID: 7625817412100438387}
    m_Modifications:
    - target: {fileID: 1894125848256730658, guid: 450d62591faace742ab90264a823313e, type: 3}
      propertyPath: m_AnchorMax.x
      value: 0
      objectReference: {fileID: 0}
    - target: {fileID: 1894125848256730658, guid: 450d62591faace742ab90264a823313e, type: 3}
      propertyPath: m_AnchorMax.y
      value: 0
      objectReference: {fileID: 0}
    - target: {fileID: 1894125848256730658, guid: 450d62591faace742ab90264a823313e, type: 3}
      propertyPath: m_AnchorMin.x
      value: 0
      objectReference: {fileID: 0}
    - target: {fileID: 2208838754553626843, guid: 450d62591faace742ab90264a823313e, type: 3}
      propertyPath: m_Name
      value: FuelBarSld
      objectReference: {fileID: 0}
    - target: {fileID: 2842303891531640197, guid: 450d62591faace742ab90264a823313e, type: 3}
      propertyPath: m_Pivot.x
      value: 0.5
      objectReference: {fileID: 0}
    - target: {fileID: 2842303891531640197, guid: 450d62591faace742ab90264a823313e, type: 3}
      propertyPath: m_Pivot.y
      value: 0.5
      objectReference: {fileID: 0}
    - target: {fileID: 2842303891531640197, guid: 450d62591faace742ab90264a823313e, type: 3}
      propertyPath: m_RootOrder
      value: 0
      objectReference: {fileID: 0}
    - target: {fileID: 2842303891531640197, guid: 450d62591faace742ab90264a823313e, type: 3}
      propertyPath: m_AnchorMax.x
      value: 0.5
      objectReference: {fileID: 0}
    - target: {fileID: 2842303891531640197, guid: 450d62591faace742ab90264a823313e, type: 3}
      propertyPath: m_AnchorMax.y
      value: 0.5
      objectReference: {fileID: 0}
    - target: {fileID: 2842303891531640197, guid: 450d62591faace742ab90264a823313e, type: 3}
      propertyPath: m_AnchorMin.x
      value: 0.5
      objectReference: {fileID: 0}
    - target: {fileID: 2842303891531640197, guid: 450d62591faace742ab90264a823313e, type: 3}
      propertyPath: m_AnchorMin.y
      value: 0.5
      objectReference: {fileID: 0}
    - target: {fileID: 2842303891531640197, guid: 450d62591faace742ab90264a823313e, type: 3}
      propertyPath: m_SizeDelta.x
      value: 50
      objectReference: {fileID: 0}
    - target: {fileID: 2842303891531640197, guid: 450d62591faace742ab90264a823313e, type: 3}
      propertyPath: m_SizeDelta.y
      value: 50
      objectReference: {fileID: 0}
    - target: {fileID: 2842303891531640197, guid: 450d62591faace742ab90264a823313e, type: 3}
      propertyPath: m_LocalScale.x
      value: 1
      objectReference: {fileID: 0}
    - target: {fileID: 2842303891531640197, guid: 450d62591faace742ab90264a823313e, type: 3}
      propertyPath: m_LocalScale.y
      value: 1
      objectReference: {fileID: 0}
    - target: {fileID: 2842303891531640197, guid: 450d62591faace742ab90264a823313e, type: 3}
      propertyPath: m_LocalScale.z
      value: 1
      objectReference: {fileID: 0}
    - target: {fileID: 2842303891531640197, guid: 450d62591faace742ab90264a823313e, type: 3}
      propertyPath: m_LocalPosition.x
      value: 0
      objectReference: {fileID: 0}
    - target: {fileID: 2842303891531640197, guid: 450d62591faace742ab90264a823313e, type: 3}
      propertyPath: m_LocalPosition.y
      value: 0
      objectReference: {fileID: 0}
    - target: {fileID: 2842303891531640197, guid: 450d62591faace742ab90264a823313e, type: 3}
      propertyPath: m_LocalPosition.z
      value: 0
      objectReference: {fileID: 0}
    - target: {fileID: 2842303891531640197, guid: 450d62591faace742ab90264a823313e, type: 3}
      propertyPath: m_LocalRotation.w
      value: 0.7071068
      objectReference: {fileID: 0}
    - target: {fileID: 2842303891531640197, guid: 450d62591faace742ab90264a823313e, type: 3}
      propertyPath: m_LocalRotation.x
      value: 0
      objectReference: {fileID: 0}
    - target: {fileID: 2842303891531640197, guid: 450d62591faace742ab90264a823313e, type: 3}
      propertyPath: m_LocalRotation.y
      value: 0
      objectReference: {fileID: 0}
    - target: {fileID: 2842303891531640197, guid: 450d62591faace742ab90264a823313e, type: 3}
      propertyPath: m_LocalRotation.z
      value: 0.7071068
      objectReference: {fileID: 0}
    - target: {fileID: 2842303891531640197, guid: 450d62591faace742ab90264a823313e, type: 3}
      propertyPath: m_AnchoredPosition.x
      value: -599.6
      objectReference: {fileID: 0}
    - target: {fileID: 2842303891531640197, guid: 450d62591faace742ab90264a823313e, type: 3}
      propertyPath: m_AnchoredPosition.y
      value: 167
      objectReference: {fileID: 0}
    - target: {fileID: 2842303891531640197, guid: 450d62591faace742ab90264a823313e, type: 3}
      propertyPath: m_LocalEulerAnglesHint.x
      value: 0
      objectReference: {fileID: 0}
    - target: {fileID: 2842303891531640197, guid: 450d62591faace742ab90264a823313e, type: 3}
      propertyPath: m_LocalEulerAnglesHint.y
      value: 0
      objectReference: {fileID: 0}
    - target: {fileID: 2842303891531640197, guid: 450d62591faace742ab90264a823313e, type: 3}
      propertyPath: m_LocalEulerAnglesHint.z
      value: 90
      objectReference: {fileID: 0}
    - target: {fileID: 5054539124647662894, guid: 450d62591faace742ab90264a823313e, type: 3}
      propertyPath: m_Color.b
      value: 1
      objectReference: {fileID: 0}
    - target: {fileID: 5054539124647662894, guid: 450d62591faace742ab90264a823313e, type: 3}
      propertyPath: m_Color.g
      value: 1
      objectReference: {fileID: 0}
    - target: {fileID: 5054539124647662894, guid: 450d62591faace742ab90264a823313e, type: 3}
      propertyPath: m_Color.r
      value: 1
      objectReference: {fileID: 0}
    - target: {fileID: 6595872780675730890, guid: 450d62591faace742ab90264a823313e, type: 3}
      propertyPath: m_Color.b
      value: 0.7169812
      objectReference: {fileID: 0}
    - target: {fileID: 6595872780675730890, guid: 450d62591faace742ab90264a823313e, type: 3}
      propertyPath: m_Color.g
      value: 0.7169812
      objectReference: {fileID: 0}
    - target: {fileID: 6595872780675730890, guid: 450d62591faace742ab90264a823313e, type: 3}
      propertyPath: m_Color.r
      value: 0.7169812
      objectReference: {fileID: 0}
    - target: {fileID: 7192898534281370719, guid: 450d62591faace742ab90264a823313e, type: 3}
      propertyPath: gradient.atime1
      value: 65535
      objectReference: {fileID: 0}
    - target: {fileID: 7192898534281370719, guid: 450d62591faace742ab90264a823313e, type: 3}
      propertyPath: gradient.ctime0
      value: 0
      objectReference: {fileID: 0}
    - target: {fileID: 7192898534281370719, guid: 450d62591faace742ab90264a823313e, type: 3}
      propertyPath: gradient.ctime1
      value: 65535
      objectReference: {fileID: 0}
    - target: {fileID: 7192898534281370719, guid: 450d62591faace742ab90264a823313e, type: 3}
      propertyPath: gradient.key0.b
      value: 0.7176471
      objectReference: {fileID: 0}
    - target: {fileID: 7192898534281370719, guid: 450d62591faace742ab90264a823313e, type: 3}
      propertyPath: gradient.key0.g
      value: 0.7176471
      objectReference: {fileID: 0}
    - target: {fileID: 7192898534281370719, guid: 450d62591faace742ab90264a823313e, type: 3}
      propertyPath: gradient.key0.r
      value: 0.7176471
      objectReference: {fileID: 0}
    - target: {fileID: 7192898534281370719, guid: 450d62591faace742ab90264a823313e, type: 3}
      propertyPath: gradient.key1.b
      value: 0.7176471
      objectReference: {fileID: 0}
    - target: {fileID: 7192898534281370719, guid: 450d62591faace742ab90264a823313e, type: 3}
      propertyPath: gradient.key1.g
      value: 0.7176471
      objectReference: {fileID: 0}
    - target: {fileID: 7192898534281370719, guid: 450d62591faace742ab90264a823313e, type: 3}
      propertyPath: gradient.key1.r
      value: 0.7176471
      objectReference: {fileID: 0}
    - target: {fileID: 7192898534281370719, guid: 450d62591faace742ab90264a823313e, type: 3}
      propertyPath: gradient.m_NumAlphaKeys
      value: 2
      objectReference: {fileID: 0}
    - target: {fileID: 7192898534281370719, guid: 450d62591faace742ab90264a823313e, type: 3}
      propertyPath: gradient.m_NumColorKeys
      value: 2
      objectReference: {fileID: 0}
    - target: {fileID: 8363434814802936077, guid: 450d62591faace742ab90264a823313e, type: 3}
      propertyPath: m_Value
      value: 1
      objectReference: {fileID: 0}
    - target: {fileID: 8363434814802936077, guid: 450d62591faace742ab90264a823313e, type: 3}
      propertyPath: m_Colors.m_ColorMultiplier
      value: 1
      objectReference: {fileID: 0}
    - target: {fileID: 8771086293032232992, guid: 450d62591faace742ab90264a823313e, type: 3}
      propertyPath: m_AnchorMax.x
      value: 0
      objectReference: {fileID: 0}
    - target: {fileID: 8771086293032232992, guid: 450d62591faace742ab90264a823313e, type: 3}
      propertyPath: m_AnchorMax.y
      value: 0
      objectReference: {fileID: 0}
    m_RemovedComponents: []
  m_SourcePrefab: {fileID: 100100000, guid: 450d62591faace742ab90264a823313e, type: 3}
--- !u!114 &906746839493669782 stripped
MonoBehaviour:
  m_CorrespondingSourceObject: {fileID: 7192898534281370719, guid: 450d62591faace742ab90264a823313e, type: 3}
  m_PrefabInstance: {fileID: 8018419894984814537}
  m_PrefabAsset: {fileID: 0}
  m_GameObject: {fileID: 0}
  m_Enabled: 1
  m_EditorHideFlags: 0
  m_Script: {fileID: 11500000, guid: 4b6904f8cd571d04ea4fd21816b14cc2, type: 3}
  m_Name: 
  m_EditorClassIdentifier: 
--- !u!224 &5203559989843231308 stripped
RectTransform:
  m_CorrespondingSourceObject: {fileID: 2842303891531640197, guid: 450d62591faace742ab90264a823313e, type: 3}
  m_PrefabInstance: {fileID: 8018419894984814537}
  m_PrefabAsset: {fileID: 0}
